@misc{JSacksSBSchiller1989,
    title = {{Design for Computer Experiments}},
    year = {1989},
    author = {J Sacks, SB Schiller, WJ Welch}
}

@article{Allcott2017,
    title = {{Nber Working Paper Series Social Media and Fake News in the 2016 Election}},
    year = {2017},
    author = {Allcott, Hunt and Gentzkow, Matthew},
    number = {January},
    pages = {1--40},
    url = {http://www.nber.org/papers/w23089%0Ahttp://www.nber.org/papers/w23089.ack},
    keywords = {Political Economy}
}

@article{1.2,
    title = {{1. (1) (2)}},
    number = {1},
    pages = {1--13},
    volume = {0}
}

@article{Engau20062DOptimization,
    title = {{2D decision-making for multicriteria design optimization}},
    year = {2006},
    journal = {Sciences-New York},
    author = {Engau, A and Wiecek, M M},
    number = {May},
    volume = {5230}
}

@article{CurrinCarlaT.MitchellM.Morris1988AExperiments,
    title = {{A Bayesian Approach to the Design and Analysis of Computer Experiments}},
    year = {1988},
    author = {Currin, Carla, T. Mitchell, M. Morris, D. Ylvisaker}
}

@article{Giry1982ATheory,
    title = {{A categorical approach to probability theory}},
    year = {1982},
    journal = {Categorical aspects of topology and analysis},
    author = {Giry, M},
    url = {http://link.springer.com/content/pdf/10.1007/BFb0092872.pdf}
}

@article{JacobsAProbability,
    title = {{A Categorical Basis for Conditional Probability}},
    author = {Jacobs, Bart},
    url = {http://www.cs.ru.nl/B.Jacobs/PAPERS/cat-prob-th.pdf}
}

@article{Culbertson2013AProbability,
    title = {{A categorical foundation for bayesian probability}},
    year = {2013},
    author = {Culbertson, Jared and Sturtz, Kirk},
    pages = {1--15},
    arxivId = {arXiv:1205.1488v3}
}

@article{Jin2005AComputation,
    title = {{A comprehensive survey of fitness approximation in evolutionary computation}},
    year = {2005},
    journal = {Soft Computing},
    author = {Jin, Y.},
    number = {1},
    month = {10},
    pages = {3--12},
    volume = {9},
    url = {http://www.springerlink.com/index/10.1007/s00500-003-0328-5},
    doi = {10.1007/s00500-003-0328-5},
    issn = {1432-7643},
    keywords = {evolutionary computation, fitness approxi-, mation, meta-model, optimization}
}

@article{GonthierATheorem,
    title = {{A computer-checked proof of the Four Colour Theorem}},
    author = {Gonthier, Georges},
    url = {http://www2.tcs.ifi.lmu.de/~abel/lehre/WS07-08/CAFR/4colproof.pdf}
}

@article{Betancourt2017ACarlo,
    title = {{A Conceptual Introduction to Hamiltonian Monte Carlo}},
    year = {2017},
    author = {Betancourt, Michael},
    arxivId = {arXiv:1701.02434v1}
}

@article{Nowak2007AProofs,
    title = {{A Framework for Game-Based Security Proofs}},
    year = {2007},
    author = {Nowak, David},
    url = {http://ai2-s2-pdfs.s3.amazonaws.com/06d3/c6456589ae4e1c7eccf5809ecbc47412d8da.pdf},
    keywords = {formal verification, game, proof assistant, security}
}

@article{Casteran2016ACoq,
    title = {{A Gentle Introduction to Type Classes and Relations in Coq}},
    year = {2016},
    author = {Cast{\'{e}}ran, Pierre and Sozeau, Matthieu},
    url = {http://www.labri.fr/perso/casteran/CoqArt/TypeClassesTut/typeclassestut.pdf}
}

@article{Hawe2007AOptimization,
    title = {{A hybrid one-then-two stage algorithm for computationally expensive electromagnetic design optimization}},
    year = {2007},
    journal = {COMPEL: The International Journal for Computation and Mathematics in Electrical and Electronic Engineering},
    author = {Hawe, Glenn and Sykulski, Jan},
    number = {2},
    pages = {236--246},
    volume = {26},
    url = {http://www.emeraldinsight.com/10.1108/03321640710727601},
    doi = {10.1108/03321640710727601},
    issn = {0332-1649},
    keywords = {compel, for computation and mathematics, in, optimization techniques, paper type research paper, the international journal}
}

@article{Leary2003AOptimization,
    title = {{A knowledge-based approach to response surface modelling in multifidelity optimization}},
    year = {2003},
    journal = {Journal of Global Optimization},
    author = {Leary, S.J. and Bhaskar, A. and Keane, A.J.},
    number = {3},
    pages = {297–319},
    volume = {26},
    publisher = {Springer},
    url = {http://www.springerlink.com/index/H133712WKL062543.pdf}
}

@article{Gonthier2013ATheorem,
    title = {{A machine-checked proof of the odd order theorem}},
    year = {2013},
    journal = {on Interactive Theorem {\ldots}},
    author = {Gonthier, G and Asperti, A and Avigad, J and Bertot, Y},
    url = {http://link.springer.com/chapter/10.1007/978-3-642-39634-2_14 https://www.researchgate.net/profile/Francois_Garillot/publication/257285461_A_Machine-Checked_Proof_of_the_Odd_Order_Theorem/links/00463524c2f9cc7067000000.pdf}
}

@article{Gordon2013AReasoning,
    title = {{A model-learner pattern for Bayesian reasoning}},
    year = {2013},
    journal = {Principles of programming languages, ACM SIGPLAN-SIGACT symposium},
    author = {Gordon, Andrew D and Aizatulin, Mihhail and Borgstr{\"{o}}m, Johannes and Claret, Guillaume and Graepel, Thore and Nori, Aditya V and Rajamani, Sriram K and Russo, Claudio},
    number = {1},
    pages = {403--416},
    volume = {48},
    url = {http://citeseerx.ist.psu.edu/viewdoc/download?doi=10.1.1.463.4343&rep=rep1&type=pdf http://dl.acm.org/citation.cfm?doid=2429069.2429119%5Cnpapers2://publication/doi/10.1145/2480359.2429119},
    isbn = {9781450318327},
    doi = {10.1145/2429069.2429119},
    issn = {0362-1340},
    keywords = {bayesian reasoning, machine learning, model-learner, output, parameterize the prior distri-, pattern, probabilistic programming, the, the parameters w parameterize, the sampling distribution over, while the hyperparameters h}
}

@article{Loshchilov2010AOptimization,
    title = {{A Mono Surrogate for Multiobjective Optimization}},
    year = {2010},
    journal = {Artificial Intelligence},
    author = {Loshchilov, Ilya and Sud, U Paris and Orsay, F- and Schoenauer, Marc and Saclay, Inria and Sebag, Michèle},
    volume = {2010},
    keywords = {Multiobjective Optimization, Surrogate Models, Sup, multiobjective optimization, support vec-, surrogate models}
}

@misc{DavidGinsbourgerRodolpheLeRiche2008AProcesses,
    title = {{A Multi-points Criterion for Deterministic Parallel Global Optimization based on Gaussian Processes}},
    year = {2008},
    author = {David Ginsbourger, Rodolphe Le Riche, Laurent Carraro}
}

@article{Xiong2007ADesign,
    title = {{A non-stationary covariance-based Kriging method for metamodelling in engineering design}},
    year = {2007},
    journal = {Online},
    author = {Xiong, Ying and Chen, Wei and Apley, Daniel and Ding, Xuru},
    number = {December 2006},
    pages = {733--756},
    doi = {10.1002/nme},
    keywords = {computer, engineering design, experiments, gaussian process model, kriging, metamodelling, non-stationary covariance, prediction uncertainty}
}

@article{Crombecq2009AMODELING,
    title = {{A NOVEL SEQUENTIAL DESIGN STRATEGY FOR GLOBAL SURROGATE MODELING}},
    year = {2009},
    journal = {Simulation},
    author = {Crombecq, Karel}
}

@article{Sobester2004ASimulations,
    title = {{A parallel updating scheme for approximating and optimizing high fidelity computer simulations}},
    year = {2004},
    journal = {Structural and Multidisciplinary Optimization},
    author = {Sobester, A. and Leary, S.J. and Keane, A.J.},
    number = {5},
    month = {6},
    pages = {371--383},
    volume = {27},
    url = {http://springerlink.metapress.com/openurl.asp?genre=article&id=doi:10.1007/s00158-004-0397-9},
    doi = {10.1007/s00158-004-0397-9},
    issn = {1615-147X},
    keywords = {gradient-enhanced approximations, optimization, parallel, radial basis functions}
}

@article{Talukder2008AAlgorithms,
    title = {{A Pareto Following Variation Operator for Fast-Converging Multiobjective Evolutionary Algorithms}},
    year = {2008},
    journal = {Evaluation},
    author = {Talukder, A K M Khaled Ahsan and Kirley, Michael and Buyya, Rajkumar},
    keywords = {ator, dynamic system identification, evolutionary multiobjective optimization, function evaluation, variation oper-}
}

@article{Loshchilov2010AOptimizationb,
    title = {{A Pareto-Compliant Surrogate Approach for Multiobjective Optimization}},
    year = {2010},
    journal = {Evolutionary Computation},
    author = {Loshchilov, Ilya and Sud, U Paris and Orsay, F- and Schoenauer, Marc and Sebag, Michèle},
    pages = {1--4},
    volume = {2010},
    keywords = {Multiobjective Optimization, Surrogate Models, Sup, multiobjective optimization, support vec-, surrogate models}
}

@article{Halevi2005AProofs,
    title = {{A plausible approach to computer-aided cryptographic proofs}},
    year = {2005},
    author = {Halevi, Shai},
    url = {http://www.research.ibm.com/people/s/shaih/CAV/.}
}

@article{RasmussenALearning,
    title = {{A Practical Monte Carlo Implementation of Bayesian Learning}},
    journal = {Network},
    author = {Rasmussen, Carl Edward}
}

@article{Jacobs2016ALearning,
    title = {{A Predicate/State Transformer Semantics for Bayesian Learning}},
    year = {2016},
    journal = {Electronic Notes in Theoretical Computer Science},
    author = {Jacobs, Bart and Zanasi, Fabio},
    pages = {185--200},
    volume = {325},
    publisher = {Elsevier B.V.},
    url = {http://dx.doi.org/10.1016/j.entcs.2016.09.038},
    doi = {10.1016/j.entcs.2016.09.038},
    issn = {15710661},
    keywords = {Bayes, Inference, Kleisli category, effectus, learning, predicate transformer, state transformer}
}

@article{Thiele2009AOptimization.,
    title = {{A preference-based evolutionary algorithm for multi-objective optimization.}},
    year = {2009},
    journal = {Evolutionary computation},
    author = {Thiele, Lothar and Miettinen, Kaisa and Korhonen, Pekka J and Molina, Julian},
    number = {3},
    month = {1},
    pages = {411--36},
    volume = {17},
    url = {http://www.ncbi.nlm.nih.gov/pubmed/19708774},
    doi = {10.1162/evco.2009.17.3.411},
    issn = {1063-6560},
    pmid = {19708774},
    keywords = {Algorithms, Data Interpretation, Statistical, Decision Making, Humans}
}

@article{Fritz2009AMatrices,
    title = {{A presentation of the category of stochastic matrices}},
    year = {2009},
    author = {Fritz, Tobias},
    pages = {1--16},
    arxivId = {arXiv:0902.2554v2},
    keywords = {2009, and phrases, c tobias fritz, permission to copy for, presentation, private use granted, stochastic matrices, strict monoidal category}
}

@article{Busemeyer2011AErrors,
    title = {{A Quantum Theoretical Explanation for Probability Judgment Errors}},
    year = {2011},
    journal = {Psychological Review},
    author = {Busemeyer, Jerome R. and Pothos, Emmanuel M. and Franco, Riccardo and Trueblood, Jennifer S.},
    number = {2},
    pages = {193--218},
    volume = {118},
    isbn = {0033-295X},
    doi = {10.1037/a0022542},
    issn = {0033295X},
    pmid = {21480739},
    arxivId = {arXiv:1011.1669v3},
    keywords = {Conjunction fallacy, Disjunction fallacy, Inference, Order effects, Quantum theory}
}

@article{Denolf2017AGames,
    title = {{A quantum-like model for complementarity of preferences and beliefs in dilemma games}},
    year = {2017},
    journal = {Journal of Mathematical Psychology},
    author = {Denolf, Jacob and Mart{\'{i}}nez-Mart{\'{i}}nez, Ismael and Josephy, Haeike and Barque-Duran, Albert},
    pages = {96--106},
    volume = {78},
    publisher = {Elsevier Inc.},
    url = {http://dx.doi.org/10.1016/j.jmp.2016.09.004},
    doi = {10.1016/j.jmp.2016.09.004},
    issn = {10960880},
    keywords = {Beliefs, Consensus effect, Positive-operator valued measure, Preferences, Sequential prisoner's dilemma}
}

@article{Gutmann2001AOptimization,
    title = {{A radial basis function method for global optimization}},
    year = {2001},
    journal = {J. Global Optim},
    author = {Gutmann, H. M.}
}

@article{Azrin1971ARetarded.,
    title = {{A rapid method of toilet training the institutionalized retarded.}},
    year = {1971},
    journal = {Journal of applied behavior analysis},
    author = {Azrin, N H and Foxx, R M},
    number = {2},
    month = {1},
    pages = {89--99},
    volume = {4},
    url = {http://www.pubmedcentral.nih.gov/articlerender.fcgi?artid=1310676&tool=pmcentrez&rendertype=abstract},
    issn = {0021-8855},
    pmid = {16795291}
}

@article{Hawe2008AOptimization,
    title = {{A Scalarizing One-Stage Algorithm for Efficient Multi-Objective Optimization}},
    year = {2008},
    journal = {IEEE Transactions on Magnetics},
    author = {Hawe, Glenn I. and Sykulski, Jan K.},
    number = {6},
    month = {6},
    pages = {1094--1097},
    volume = {44},
    url = {http://ieeexplore.ieee.org/lpdocs/epic03/wrapper.htm?arnumber=4526883},
    doi = {10.1109/TMAG.2007.915977},
    issn = {0018-9464}
}

@article{Hsu2003AProblems,
    title = {{A sequential approximation method using neural networks for engineering design optimization problems}},
    year = {2003},
    journal = {Engineering Optimization},
    author = {Hsu, Yeh-Liang and Wang, Shu-Gen and Yu, Chia-Chieh},
    number = {5},
    month = {10},
    pages = {489--511},
    volume = {35},
    url = {http://www.informaworld.com/openurl?genre=article&doi=10.1080/03052150310001620713&magic=crossref||D404A21C5BB053405B1A640AFFD44AE3},
    doi = {10.1080/03052150310001620713},
    issn = {0305-215X}
}

@article{Vazquez2009AFailure,
    title = {{A sequential Bayesian algorithm to estimate a probability of failure}},
    year = {2009},
    author = {Vazquez, Emmanuel and Bect, Julien},
    volume = {1},
    keywords = {design of experiments, expensive-to-simulate model, kriging, probability of failure, sequential bayesian planning}
}

@article{Bautista2009AFUNCTION,
    title = {{A SEQUENTIAL DESIGN FOR APPROXIMATING THE PARETO FRONT USING THE EXPECTED PARETO IMPROVEMENT FUNCTION}},
    year = {2009},
    journal = {Statistics},
    author = {Bautista, Dianne Carrol}
}

@article{Hazan2009AMinimization,
    title = {{A survey : The convex optimization approach to regret minimization}},
    year = {2009},
    author = {Hazan, Elad},
    keywords = {convex optimization, online learning, regret}
}

@article{Vehtari2012AComparison,
    title = {{A survey of Bayesian predictive methods for model assessment, selection and comparison}},
    year = {2012},
    journal = {Statistics Surveys},
    author = {Vehtari, Aki and Ojanen, Janne},
    pages = {142--228},
    volume = {6},
    url = {http://projecteuclid.org/download/pdfview_1/euclid.ssu/1356628931 http://projecteuclid.org/euclid.ssu/1356628931},
    isbn = {1935-7516},
    doi = {10.1214/12-SS102},
    issn = {1935-7516},
    keywords = {62-02, 62C10Bayesian, and phrases, bayesian, cross-validation, decision theory, expected utility, information cri-, model, model assessment, predictive, selection}
}

@article{Selinger2009ACategories,
    title = {{A survey of graphical languages for monoidal categories}},
    year = {2009},
    author = {Selinger, Peter},
    month = {8},
    pages = {289--355},
    url = {http://arxiv.org/abs/0908.3347},
    doi = {10.1007/978-3-642-12821-9{\_}4},
    arxivId = {0908.3347}
}

@article{Jones2001ASurfaces,
    title = {{A Taxonomy of Global Optimization Methods Based on Response Surfaces}},
    year = {2001},
    journal = {Journal of Global Optimization},
    author = {Jones, Donald R},
    pages = {345--383},
    keywords = {ego, infillCriteria, kriging, splines}
}

@article{Brochu2009ALearning,
    title = {{A Tutorial on Bayesian Optimization of Expensive Cost Functions , with Application to Active User Modeling and Hierarchical Reinforcement Learning}},
    year = {2009},
    journal = {Optimization},
    author = {Brochu, Eric and Cora, Mike and Freitas, Nando De},
    pages = {1--49}
}

@article{Bhat2012AFunctions,
    title = {{A Type Theory for Probability Density Functions}},
    year = {2012},
    author = {Bhat, Sooraj and Vuduc, Richard and Gray, Alexander},
    pages = {545--556},
    isbn = {9781450310833},
    keywords = {and applications, and nonparametric kernel methods, are all formulated, continuous probability, l 2 e, l 2 esti-, likelihood estimation, mation, mle, probability density functions, techniques such as maximum, their pdf s are, ubiquitous in statistical theory}
}

@article{TippingAInterpolation,
    title = {{A variational approach to robust Bayesian interpolation}},
    journal = {2003 IEEE XIII Workshop on Neural Networks for Signal Processing (IEEE Cat. No.03TH8718)},
    author = {Tipping, M.E. and Lawrence, N.D.},
    number = {1},
    pages = {229--238},
    publisher = {Ieee},
    url = {http://ieeexplore.ieee.org/lpdocs/epic03/wrapper.htm?arnumber=1318022},
    isbn = {0-7803-8177-7},
    doi = {10.1109/NNSP.2003.1318022}
}

@article{MurphyAVariables,
    title = {{A Variational Approximation for Bayesian Networks with Discrete and Continuous Latent Variables}},
    journal = {Science},
    author = {Murphy, Kevin P}
}

@article{Watanabe2013ACriterion,
    title = {{A Widely Applicable Bayesian Information Criterion}},
    year = {2013},
    journal = {Machine Learning Research},
    author = {Watanabe, S.},
    number = {1},
    pages = {867--897},
    volume = {14},
    url = {http://dl.acm.org/citation.cfm?id=2502609%5Cnhttp://arxiv.org/abs/1208.6338},
    isbn = {1532-4435},
    issn = {15324435},
    arxivId = {1208.6338},
    keywords = {bayes marginal likelihood, criterion, widely applicable bayes information}
}

@article{Amit2010AbstractCurriculum.,
    title = {{Abstract mathematics should be added to the pre-medical curriculum.}},
    year = {2010},
    journal = {Medical hypotheses},
    author = {Amit, Or Syd},
    month = {4},
    url = {http://www.ncbi.nlm.nih.gov/pubmed/20410719},
    doi = {10.1016/j.mehy.2010.03.027},
    issn = {1532-2777},
    pmid = {20395060}
}

@article{Sugiyama2006ActiveError,
    title = {{Active learning in approximately linear regression based on conditional expectation of generalization error}},
    year = {2006},
    journal = {Journal of Machine Learning Research},
    author = {Sugiyama, M},
    pages = {141--166},
    volume = {7}
}

@article{Sugiyama2006ActiveErrorb,
    title = {{Active learning in approximately linear regression based on conditional expectation of generalization error}},
    year = {2006},
    journal = {The Journal of Machine Learning Research},
    author = {Sugiyama, M.},
    pages = {166},
    volume = {7},
    publisher = {MIT Press},
    url = {http://portal.acm.org/citation.cfm?id=1248553}
}

@article{Settles2009ActiveSurvey,
    title = {{Active Learning Literature Survey}},
    year = {2009},
    journal = {Sciences-New York},
    author = {Settles, Burr}
}

@article{Yuan2009AdaptiveRegression,
    title = {{Adaptive spherical Gaussian kernel in sparse Bayesian learning framework for nonlinear regression}},
    year = {2009},
    journal = {Expert Systems with Applications},
    author = {Yuan, J. and Bo, L. and Wang, K. and Yu, T.},
    number = {2},
    pages = {3982–3989},
    volume = {36},
    publisher = {Elsevier},
    url = {http://linkinghub.elsevier.com/retrieve/pii/S0957417408001620}
}

@article{Sbarbaro2003ADAPTIVEPRIORS,
    title = {{ADAPTIVE, CAUTIOUS, PREDICTIVE CONTROL WITH GAUSSIAN PROCESS PRIORS}},
    year = {2003},
    journal = {Computing},
    author = {Sbarbaro, Roderick Murray-smith Daniel and Edward, Carl and Agathe, Rasmussen},
    keywords = {cautious control, gaussian process priors, model-based predictive control, nonlinear, nonparametric models, propagation of uncertainty}
}

@article{Serna2009AdvancedOptimization,
    title = {{Advanced Surrogate Models for Multidisciplinary Design Optimization}},
    year = {2009},
    journal = {October},
    author = {Serna, Alberto and Bucher, Christian},
    number = {October},
    pages = {1--26},
    keywords = {bayesian, clas-, clustering, crash, gaussian processes, kernels, mdo, optimization, sification}
}

@article{Yearsley2017AdvancedTutorial,
    title = {{Advanced tools and concepts for quantum cognition: A tutorial}},
    year = {2017},
    journal = {Journal of Mathematical Psychology},
    author = {Yearsley, James M.},
    pages = {24--39},
    volume = {78},
    publisher = {Elsevier Inc.},
    url = {http://dx.doi.org/10.1016/j.jmp.2016.07.005},
    doi = {10.1016/j.jmp.2016.07.005},
    issn = {10960880},
    keywords = {Quantum theory}
}

@article{Kammar2012AlgebraicOptimisations,
    title = {{Algebraic foundations for effect-dependent optimisations}},
    year = {2012},
    journal = {Popl '12},
    author = {Kammar, Ohad and Plotkin, Gordon D.},
    pages = {349–360},
    url = {http://dl.acm.org/citation.cfm?id=2103698},
    isbn = {9781450310833},
    doi = {10.1145/2103656.2103698},
    issn = {07308566},
    keywords = {algebraic theory of effects, and affine monads, call-by-push-value, code, compiler optimisations, computational effects, de-, domain theory, inequational logic, notational semantics, relevant, sum and tensor, transformations, type and effect systems, uni-}
}

@article{Plotkin2003AlgebraicEffects,
    title = {{Algebraic operations and generic effects}},
    year = {2003},
    journal = {Applied Categorical Structures},
    author = {Plotkin, Gordon and Power, John},
    number = {1},
    pages = {69--94},
    volume = {11},
    publisher = {Kluwer Academic Publishers},
    url = {http://link.springer.com/10.1023/A:1023064908962},
    doi = {10.1023/A:1023064908962},
    issn = {09272852},
    keywords = {Algebraic operation, Computational effect, Lawvere theory, Monad}
}

@article{Geman1996AnImages,
    title = {{An active testing model for tracking roads in satellite images}},
    year = {1996},
    journal = {IEEE Transactions on Pattern Analysis and Machine Intelligence},
    author = {Geman, D. and Jedynak, B.},
    number = {1},
    pages = {1--14},
    volume = {18},
    url = {http://ieeexplore.ieee.org/lpdocs/epic03/wrapper.htm?arnumber=476006},
    doi = {10.1109/34.476006},
    issn = {01628828}
}

@article{Geman1996AnImagesb,
    title = {{An active testing model for tracking roads in satellite images}},
    year = {1996},
    journal = {IEEE Transactions on Pattern Analysis and Machine Intelligence},
    author = {Geman, D. and Jedynak, B.},
    number = {1},
    pages = {1--14},
    volume = {18},
    url = {http://ieeexplore.ieee.org/lpdocs/epic03/wrapper.htm?arnumber=476006},
    doi = {10.1109/34.476006},
    issn = {01628828}
}

@article{Bauer2014AN,
    title = {{AN EFFECT SYSTEM FOR ALGEBRAIC EFFECTS AND HANDLERS *}},
    year = {2014},
    journal = {Logical Methods in Computer Science},
    author = {Bauer, Andrej and Pretnar, Matija},
    number = {9},
    pages = {1--29},
    volume = {104},
    url = {www.lmcs-online.org},
    doi = {10.2168/LMCS-10(4:9)2014},
    keywords = {()}
}

@article{HaweAnSolutions,
    title = {{An Enhanced Probability of Improvement Utility Function for Locating Pareto Optimal Solutions}},
    journal = {Design},
    author = {Hawe, Glenn I and Sykulski, Jan K},
    pages = {965--966}
}

@article{SignauxAnFunctions,
    title = {{An informational approach to the global optimization of expensive-to-evaluate functions}},
    author = {Signaux, Département},
    pages = {1--31},
    arxivId = {arXiv:cs/0611143v2},
    archivePrefix = {arXiv},
    eprint = {0611143v2},
    primaryClass = {cs},
    keywords = {gaussian process, global optimization, kriging, robust optimization, stepwise, uncertainty reduction}
}

@article{Villemonteix2009AnFunctions,
    title = {{An informational approach to the global optimization of expensive-to-evaluate functions}},
    year = {2009},
    journal = {Journal of Global Optimization},
    author = {Villemonteix, J. and Vazquez, E. and Walter, E.},
    number = {4},
    pages = {509–534},
    volume = {44},
    publisher = {Springer},
    url = {http://www.springerlink.com/index/T670U067V47922VK.pdf},
    arxivId = {arXiv:cs/0611143v2},
    archivePrefix = {arXiv},
    eprint = {0611143v2},
    primaryClass = {cs},
    keywords = {gaussian process, global optimization, kriging, robust optimization, stepwise, uncertainty reduction}
}

@article{Deb2009AnFunctions,
    title = {{An Interactive Evolutionary Multi-Objective Optimization Method Based on Progressively Approximated Value Functions}},
    year = {2009},
    journal = {Business},
    author = {Deb, Kalyanmoy},
    pages = {1--27},
    keywords = {evolutionary multi-objective optimization algorith, interactive multi-objective optimization algorithm, multi-objective optimization, multiple criteria decision-making, preference based, sequential quadratic programming}
}

@article{PretnarAnHandlers,
    title = {{An Introduction to Algebraic Effects and Handlers}},
    author = {Pretnar, Matija},
    url = {http://www.eff-lang.org/handlers-tutorial.pdf},
    keywords = {algebraic effects, effect system, handlers, logic, semantics, tutorial}
}

@article{Pretnar2015AnPaper,
    title = {{An Introduction to Algebraic Effects and Handlers. Invited tutorial paper}},
    year = {2015},
    journal = {Electronic Notes in Theoretical Computer Science},
    author = {Pretnar, Matija},
    number = {Figure 1},
    pages = {19--35},
    volume = {319},
    doi = {10.1016/j.entcs.2015.12.003},
    issn = {15710661},
    keywords = {algebraic effects, effect system, handlers, logic, semantics, tutorial}
}

@article{Cho2015AnTheory,
    title = {{An Introduction to Effectus Theory}},
    year = {2015},
    author = {Cho, Kenta and Jacobs, Bart and Westerbaan, Bas and Westerbaan, Abraham},
    url = {http://arxiv.org/abs/1512.05813},
    issn = {<null>},
    arxivId = {1512.05813}
}

@article{Shewchuk1994AnPain,
    title = {{An Introduction to the Conjugate Gradient Method Without the Agonizing Pain}},
    year = {1994},
    author = {Shewchuk, Jonathan Richard},
    keywords = {agonizing pain, conjugate gradient method, convergence analysis, eigenvalues, i try, jacobi iterations, preconditioning}
}

@techreport{Gonthier2009AnTutorial,
    title = {{An Ssreflect Tutorial}},
    year = {2009},
    booktitle = {An Ssreflect Tutorial},
    author = {Gonthier, Georges and St{\'{e}}phane Le, Roux},
    volume = {33},
    url = {https://hal.inria.fr/inria-00407778}
}

@article{RunzeLiAnalysisModels,
    title = {{Analysis of Computer Experiments Using Penalized Likelihood in Gaussian Kriging Models}},
    author = {Runze Li, Agus Sudjianto},
    number = {0},
    url = {http://www.ncbi.nlm.nih.gov/pubmed/18392118},
    doi = {10.1198/00},
    issn = {0162-1459},
    pmid = {18392118}
}

@article{ABasicTheory,
    title = {{Basic Computational Exercises in Game Theory}},
    author = {A, J Fermín Cáceres},
    pages = {1--18}
}

@article{KennedyBayesianModels,
    title = {{Bayesian Calibration of Computer Models}},
    journal = {Computer},
    author = {Kennedy, Marc C and Hagan, Anthony O},
    keywords = {calibration, computer experiments, deterministic mod-, els, gaussian process, interpolation, ity analysis, model inadequacy, sensitiv-, uncertainty analysis}
}

@phdthesis{GibbsBayesianClassication,
    title = {{Bayesian Gaussian Processes for Regression and Classication}},
    booktitle = {Doctor},
    author = {Gibbs, Mark N}
}

@phdthesis{Osborne2010BayesianAnd,
    title = {{Bayesian Gaussian Processes for Sequential Prediction , Optimisation and Quadrature Sequential Prediction , Optimisation and}},
    year = {2010},
    booktitle = {Quadrature},
    author = {Osborne, Michael}
}

@phdthesis{Osborne2010BayesianQuadrature,
    title = {{Bayesian Gaussian Processes for Sequential Prediction, Optimization and Quadrature}},
    year = {2010},
    author = {Osborne, Michael}
}

@article{Qian2008BayesianExperiments,
    title = {{Bayesian Hierarchical Modeling for Integrating Low-Accuracy and High-Accuracy Experiments}},
    year = {2008},
    journal = {Technometrics},
    author = {Qian, Peter Z. G. and Wu, C. F. Jeff},
    number = {2},
    month = {5},
    pages = {192--204},
    volume = {50},
    url = {http://pubs.amstat.org/doi/abs/10.1198/004017008000000082},
    doi = {10.1198/004017008000000082},
    issn = {0040-1706},
    keywords = {chain monte carlo, computer experiments, gaussian process, kriging, markov, stochastic programming}
}

@article{Tipping2006BayesianInference,
    title = {{Bayesian Inference : An Introduction to Principles and Practice in Machine Learning From Least-Squares to Bayesian Inference}},
    year = {2006},
    author = {Tipping, Michael E},
    pages = {1--19}
}

@article{TippingBayesianInference,
    title = {{Bayesian Inference : Principles and Practice 1 . Introduction to Bayesian Inference}},
    journal = {Practice},
    author = {Tipping, Mike}
}

@article{TippingBayesianMarginalisation,
    title = {{Bayesian Inference : Principles and Practice 2 . Bayesian Inference : Marginalisation}},
    journal = {Practice},
    author = {Tipping, Mike}
}

@article{TippingBayesianFunction,
    title = {{Bayesian Inference : Principles and Practice 4 . Sparse Bayesian Models : Analysis , Optimisation and Applications Cambridge , UK  Further analysis of the sparse Bayesian marginal likelihood function}},
    journal = {Practice},
    author = {Tipping, Mike}
}

@article{Schmidt2003BayesianDeformations,
    title = {{Bayesian Inference for Nonstationary Spatial Covariance Structure via Spatial Deformations}},
    year = {2003},
    author = {Schmidt, Alexandra Mello and Hagan, Anthony O},
    pages = {1--36},
    keywords = {anisotropy, augmented covariance matrix, carlo, gaussian process, kriging, markov chain monte}
}

@article{Sengupta2002BayesianModels,
    title = {{Bayesian Inference in Wavelet-Based Models:Bayesian Inference in Wavelet-Based Models}},
    year = {2002},
    journal = {Technometrics},
    author = {Sengupta, Sailes K},
    number = {1},
    month = {2},
    pages = {87--88},
    volume = {44},
    doi = {10.1198/tech.2002.s661}
}

@article{Minka2001BayesianRegression,
    title = {{Bayesian liner regression}},
    year = {2001},
    author = {Minka, Thomas P.}
}

@article{Culbertson2013BayesianTheory,
    title = {{Bayesian Machine Learning via Category Theory}},
    year = {2013},
    author = {Culbertson, Jared and Sturtz, Kirk},
    arxivId = {arXiv:1312.1445v1},
    keywords = {bayesian machine learning, bayesian probability, categorical probability}
}

@article{Rasmussen2003BayesianCarlo,
    title = {{Bayesian Monte Carlo}},
    year = {2003},
    author = {Rasmussen, Carl Edward and Ghahramani, Zoubin},
    number = {x}
}

@article{GrootBayesianFunctions,
    title = {{Bayesian Monte Carlo for the Global Optimization of Expensive Functions}},
    journal = {Statistica},
    author = {Groot, Perry and Birlutiu, Adriana and Heskes, Tom}
}

@article{Osborne2010BayesianSelection,
    title = {{Bayesian Optimisation for Sensor Set Selection}},
    year = {2010},
    journal = {Engineering},
    author = {Osborne, Michael and Garnett, Roman and Roberts, Stephen}
}

@article{Villemonteix2008BayesianBudget,
    title = {{Bayesian optimization for parameter identification on a small simulation budget}},
    year = {2008},
    journal = {System},
    author = {Villemonteix, Julien and Vazquez, Emmanuel and Walter, Eric},
    pages = {1--6},
    keywords = {gaussian processes, global optimization, kriging}
}

@article{GhavamzadehBayesianAlgorithms,
    title = {{Bayesian Policy Gradient Algorithms}},
    journal = {Learning},
    author = {Ghavamzadeh, Mohammad and Engel, Yaakov}
}

@article{Kennedy1998BayesianFunctions,
    title = {{Bayesian quadrature with non-normal approximating functions}},
    year = {1998},
    journal = {Statistics and Computing},
    author = {Kennedy, Marc},
    keywords = {approximating, bayesian quadrature, gaussian process, nite mixture of normals, numerical integration, posterior densities}
}

@article{MichaelTippingBayesianClassification,
    title = {{Bayesian Regression and Classification}},
    author = {Michael Tipping, Christopher M. Bishop},
    doi = {10.1002/acs.744}
}

@article{Gramacy2005BAYESIANMODELS,
    title = {{BAYESIAN TREED GAUSSIAN PROCESS MODELS}},
    year = {2005},
    author = {Gramacy, Robert B}
}

@article{Gramacy2008BayesianModeling,
    title = {{Bayesian treed Gaussian process models with an application to computer modeling}},
    year = {2008},
    journal = {Journal of the American Statistical Association},
    author = {Gramacy, R.B. and Lee, H.K.H.},
    number = {483},
    pages = {1119–1130},
    volume = {103},
    publisher = {ASA},
    url = {http://pubs.amstat.org/doi/abs/10.1198/016214508000000689}
}

@article{Gramacy2008BayesianModelingb,
    title = {{Bayesian Treed Gaussian Process Models With an Application to Computer Modeling}},
    year = {2008},
    journal = {Journal of the American Statistical Association},
    author = {Gramacy, Robert B and Lee, Herbert K. H},
    number = {483},
    month = {9},
    pages = {1119--1130},
    volume = {103},
    url = {http://pubs.amstat.org/doi/abs/10.1198/016214508000000689},
    doi = {10.1198/016214508000000689},
    issn = {0162-1459}
}

@article{Larsen1991BisimulationTesting,
    title = {{Bisimulation through probabilistic testing}},
    year = {1991},
    journal = {Information and Computation},
    author = {Larsen, Kim G. and Skou, Arne},
    number = {1},
    pages = {1--28},
    volume = {94},
    isbn = {0-89791-294-2},
    doi = {10.1016/0890-5401(91)90030-6},
    issn = {10902651}
}

@article{Forrester2004Black-boxSimulation,
    title = {{Black-box calibration for complex systems simulation}},
    year = {2004},
    author = {Forrester, By Alexander I J},
    keywords = {1, aerodynamics, areas of science and, cfd, co-kriging, determining the effects of, encountered in many, lies at the heart, of, of a system, optimization, output, perhaps all, statistical model based simulation, surrogate model, this is a problem, this paper is concerned, various parameters on the, with the problem of}
}

@article{Joseph2008BlindMetamodels,
    title = {{Blind kriging: A new method for developing metamodels}},
    year = {2008},
    journal = {ASME Journal of Mechanical Design},
    author = {Joseph, V R and Hung, Y and Sudjianto, A},
    volume = {130}
}

@article{Joseph2008BlindMetamodelsb,
    title = {{Blind Kriging: a new method for developing metamodels}},
    year = {2008},
    journal = {Journal of Mechanical Design},
    author = {Joseph, V.R. and Hung, Y. and Sudjianto, A.},
    pages = {031102},
    volume = {130},
    url = {http://link.aip.org/link/?JMDEDB/130/031102/1},
    keywords = {asme journal of mechanical, computer experiments, cross validation, design, design optimization, finite element models, kriging, metamodels, to appear in the, variable selection}
}

@article{RBattiti2009Brain-ComputerMaker,
    title = {{Brain-Computer Evolutionary Multi-Objective Optimization (BC-EMO): a genetic algorithm adapting to the decision maker}},
    year = {2009},
    author = {R Battiti, A Passerini},
    number = {August}
}

@misc{Frade2008CalculusSystems,
    title = {{Calculus of Inductive Constructions Software Formal Verification Pure Type Systems}},
    year = {2008},
    author = {Frade, Maria João},
    url = {http://www4.di.uminho.pt/~mjf/pub/SFV-CIC-2up.pdf}
}

@article{Pothos2013CanModeling,
    title = {{Can quantum probability provide a new direction for cognitive modeling?}},
    year = {2013},
    journal = {Behavioral and Brain Sciences},
    author = {Pothos, Emmanuel M. and Busemeyer, Jerome R.},
    number = {3},
    pages = {255--274},
    volume = {36},
    isbn = {1469-1825 (Electronic){\textbackslash}r0140-525X (Linking)},
    doi = {10.1017/S0140525X12001525},
    issn = {14691825},
    pmid = {23673021},
    keywords = {category membership, classical probability theory, conjunction effect, decision making, disjunction effect, interference effects, judgment, quantum probability theory, rationality, similarity ratings}
}

@article{Mahboubi2013CanonicalUser,
    title = {{Canonical Structures for the working Coq user}},
    year = {2013},
    journal = {International Conference on Interactive Theorem},
    author = {Mahboubi, A and Tassi, E},
    url = {http://link.springer.com/chapter/10.1007/978-3-642-39634-2_5 https://hal.inria.fr/hal-00816703/document/}
}

@article{Coecke2011CategoriesPhysicist,
    title = {{Categories for the practising physicist}},
    year = {2011},
    journal = {Lecture Notes in Physics},
    author = {Coecke, B. and Paquette, E. O.},
    pages = {173--286},
    volume = {813},
    url = {http://link.springer.com/chapter/10.1007/978-3-642-12821-9_3},
    isbn = {9783642128202},
    doi = {10.1007/978-3-642-12821-9{\_}3},
    issn = {00758450},
    arxivId = {0905.3010}
}

@phdthesis{Fong2012CausalNetworks,
    title = {{Causal Theories: A Categorical Perspective on Bayesian Networks}},
    year = {2012},
    booktitle = {arXiv preprint arXiv:1301.6201},
    author = {Fong, Brendan},
    url = {http://arxiv.org/abs/1301.6201},
    arxivId = {arXiv:1301.6201v1}
}

@techreport{Doberkat2004CharacterizingRelations,
    title = {{Characterizing the Eilenberg-Moore algebras for a monad of stochastic relations}},
    year = {2004},
    author = {Doberkat, EE},
    number = {147},
    url = {https://eldorado.tu-dortmund.de/handle/2003/2717},
    keywords = {computation, eilenberg-moore algebras, giry monad, stochastic relations}
}

@article{WaterhouseClassificationExperts,
    title = {{Classification and Regression using Mixtures of Experts}},
    author = {Waterhouse, Steven Richard and College, Jesus}
}

@article{Ponweiser2008ClusteredModels,
    title = {{Clustered multiple generalized expected improvement: A novel infill sampling criterion for surrogate models}},
    year = {2008},
    journal = {2008 IEEE Congress on Evolutionary Computation (IEEE World Congress on Computational Intelligence)},
    author = {Ponweiser, Wolfgang and Wagner, Tobias and Vincze, Markus},
    month = {6},
    pages = {3515--3522},
    publisher = {Ieee},
    url = {http://ieeexplore.ieee.org/lpdocs/epic03/wrapper.htm?arnumber=4631273},
    isbn = {978-1-4244-1822-0},
    doi = {10.1109/CEC.2008.4631273}
}

@article{Kock2012CommutativeDistributions,
    title = {{Commutative monads as a theory of distributions}},
    year = {2012},
    journal = {Theory and Applications of Categories},
    author = {Kock, Anders},
    pages = {1--34},
    url = {http://www.emis.ams.org/journals/TAC/volumes/26/4/26-04.pdf},
    arxivId = {arXiv:1108.5952v1}
}

@article{Scott2005CompensationSum,
    title = {{Compensation and Weights for Trade-offs in Engineering Design: Beyond the Weighted Sum}},
    year = {2005},
    journal = {Journal of Mechanical Design},
    author = {Scott, Michael J. and Antonsson, Erik K.},
    number = {6},
    pages = {1045},
    volume = {127},
    url = {http://link.aip.org/link/JMDEDB/v127/i6/p1045/s1&Agg=doi},
    doi = {10.1115/1.1909204},
    issn = {10500472},
    keywords = {aggre-, compensation, design decision making, engineering design, functional equations, gation functions, importance weights, indifference, multicriteria analysis, utility}
}

@article{Krebbers2011ComputerCoq,
    title = {{Computer certified efficient exact reals in Coq}},
    year = {2011},
    author = {Krebbers, Robbert and Spitters, Bas},
    url = {https://arxiv.org/pdf/1105.2751.pdf},
    arxivId = {arXiv:1105.2751v1}
}

@article{BartheComputer-AidedCryptographer,
    title = {{Computer-Aided Security Proofs for the Working Cryptographer}},
    author = {Barthe, Gilles and Gr{\'{e}}goire, Benjamin and Heraud, Sylvain and Zanella B{\'{e}}guelin, Santiago},
    url = {http://citeseerx.ist.psu.edu/viewdoc/download?doi=10.1.1.479.4229&rep=rep1&type=pdf}
}

@article{Mattson2003ConceptFrontiers,
    title = {{Concept Selection Using s-Pareto Frontiers}},
    year = {2003},
    journal = {AIAA Journal},
    author = {Mattson, Christopher a. and Messac, Achille},
    number = {6},
    month = {6},
    pages = {1190--1198},
    volume = {41},
    url = {http://doi.aiaa.org/10.2514/2.2063},
    doi = {10.2514/2.2063},
    issn = {0001-1452}
}

@article{Auger2009ContinuousAlgorithms,
    title = {{Continuous lunches are free plus the design of optimal optimization algorithms}},
    year = {2009},
    author = {Auger, Anne and Teytaud, Olivier},
    pages = {1--27},
    keywords = {bandit-based, complexity, dynamic programming, ex-, kolmogorov, no-free-lunch, pensive optimization, s extension theorem}
}

@article{Bull2011ConvergenceAlgorithms,
    title = {{Convergence Rates of Efficient Global Optimization Algorithms}},
    year = {2011},
    journal = {Journal of Machine Learning Research},
    author = {Bull, Adam D and Uk, A Bull@statslab Cam Ac},
    pages = {2879--2904},
    volume = {12},
    isbn = {1532-4435},
    issn = {1532-4435},
    arxivId = {arXiv:1101.3501v3},
    keywords = {Bayesian optimization, continuum-armed bandit, convergence rates, efficient global optimization, expected improvement}
}

@article{Boldo2015Coquelicot:Coq,
    title = {{Coquelicot: A User-Friendly Library of Real Analysis for Coq}},
    year = {2015},
    journal = {Mathematics in Computer Science},
    author = {Boldo, Sylvie and Lelay, Catherine and Melquiond, Guillaume},
    number = {1},
    pages = {41--62},
    volume = {9},
    publisher = {Springer},
    url = {https://hal.inria.fr/hal-00860648v2}
}

@article{Nagy2007CorrelationPosterior,
    title = {{Correlation parameterization in random function models to improve normal approximation of the likelihood or posterior}},
    year = {2007},
    journal = {Power},
    author = {Nagy, Béla and Loeppky, Jason L and Welch, William J},
    number = {1973},
    pages = {1--17}
}

@article{Corana1989Corrigenda:Algorithm,
    title = {{Corrigenda: “Minimizing Multimodal Functions of Continuous Variables with the ‘Simulated Annealing’ Algorithm”}},
    year = {1989},
    journal = {ACM Transactions on Mathematical Software},
    author = {Corana, A. and C. Martini and S. Ridella, M. and},
    number = {3},
    pages = {287},
    volume = {15},
    url = {http://portal.acm.org/citation.cfm?doid=66888.356281},
    isbn = {0098-3500},
    doi = {10.1145/66888.356281},
    issn = {00983500},
    keywords = {and phrases, global optimization}
}

@inproceedings{SchutzeCoveringTechniques,
    title = {{Covering Pareto sets by multilevel evolutionary subdivision techniques}},
    booktitle = {Evolutionary Multi-Criterion Optimization},
    author = {Sch{\textbackslash}{\textbackslash}"utze, O. and Mostaghim, S. and Dellnitz, M. and Teich, J.},
    pages = {10–10},
    publisher = {Springer},
    url = {http://www.springerlink.com/index/DK6D0BY479Y5G370.pdf}
}

@article{StaplesCriticalMethodology,
    title = {{Critical rationalism and engineering: methodology}},
    author = {Staples, Mark},
    url = {http://www.markstaples.com/files/Critical%20rationalism%20and%20engineering%20-%20methodology.pdf},
    doi = {10.1007/s11229-014-0571-6}
}

@article{Schoenmakers2006CryptanalysisGenerator,
    title = {{Cryptanalysis of the Dual Elliptic Curve Pseudorandom Generator}},
    year = {2006},
    author = {Schoenmakers, Berry and Sidorenko, Andrey},
    pages = {1--5},
    url = {http://eprint.iacr.org/2006/190.pdf},
    isbn = {6949407573530}
}

@misc{Ctw21.pdf,
    title = {{ctw21.pdf}}
}

@article{Deb2007CurrentOptimization,
    title = {{Current trends in evolutionary multi-objective optimization}},
    year = {2007},
    journal = {Sciences-New York},
    author = {Deb, Kalyanmoy},
    pages = {1--8},
    volume = {8},
    doi = {10.1051/ijsmdo}
}

@article{Deb2007CurrentOptimizationb,
    title = {{Current trends in evolutionary multi-objective optimization}},
    year = {2007},
    journal = {Sciences-New York},
    author = {Deb, Kalyanmoy},
    pages = {1--8},
    volume = {8},
    doi = {10.1051/ijsmdo}
}

@article{BeersCustomizedBootstrapping,
    title = {{Customized sequential designs for random simulation experiments : Kriging metamodeling and bootstrapping}},
    journal = {European Journal Of Operational Research},
    author = {Beers, Wim C M Van and Kleijnen, Jack P C},
    doi = {10.1016/j.ejor.2007.02.035},
    keywords = {bootstrapping, design of experiments, kriging, regression, simulation}
}

@article{Zhao2004DataApplication,
    title = {{Data driven design optimization methodology development and application}},
    year = {2004},
    journal = {International Conference on Computational Science (LNCS},
    author = {Zhao, H and Knight, D},
    pages = {1611--3349},
    volume = {3038}
}

@article{Zhao2004DataApplicationb,
    title = {{Data driven design optimization methodology development and application}},
    year = {2004},
    journal = {Computational Science-ICCS 2004},
    author = {Zhao, H. and Knight, D. and Taskinoglu, E. and Jovanovic, V.},
    pages = {748–755},
    publisher = {Springer},
    url = {http://www.springerlink.com/index/EY6B5AQEDHH7C0B5.pdf}
}

@article{Beal2009DataAlgorithm,
    title = {{Data Mining with Multivariate Kernel Regression Using Information Complexity and the Genetic Algorithm}},
    year = {2009},
    journal = {Philosophy},
    author = {Beal, Dennis Jack}
}

@article{Ginsbourger2010Dealing,
    title = {{Dealing with asynchronicity in parallel Gaussian Process based global optimization ∗}},
    year = {2010},
    author = {Ginsbourger, David and Riche, Rodolphe Le},
    pages = {1--27}
}

@inproceedings{Boyle2005DependentProcesses,
    title = {{Dependent gaussian processes}},
    year = {2005},
    booktitle = {Advances in neural information processing systems 17: proceedings of the 2004 conference},
    author = {Boyle, Phillip and Frean, Marcus},
    pages = {217},
    publisher = {The MIT Press},
    url = {http://books.google.com/books?hl=en&amp;lr=&amp;id=etp-l5VrbHsC&amp;oi=fnd&amp;pg=PA217&amp;dq=Dependent+Gaussian+Processes&amp;ots=_J6E6CxExO&amp;sig=otaTeWYedJKlArTeCg6iQfJn0OE}
}

@techreport{Doberkat2004DerandomizingMonad,
    title = {{Derandomizing probabilistic semantics through Eilenberg-Moore algebras for the Giry monad}},
    year = {2004},
    author = {Doberkat, EE},
    number = {149},
    url = {http://citeseerx.ist.psu.edu/viewdoc/download?doi=10.1.1.91.9383&rep=rep1&type=pdf}
}

@article{Solak2003DerivativeSystems,
    title = {{Derivative observations in Gaussian process models of dynamic systems}},
    year = {2003},
    journal = {Advances in Neural Information Processing Systems},
    author = {Solak, E. and Murray-Smith, R. and Leithead, W.E. and Leith, D.J. and Rasmussen, C.E.},
    pages = {1057–1064},
    publisher = {Citeseer},
    url = {http://citeseerx.ist.psu.edu/viewdoc/download?doi=10.1.1.72.5525&amp;rep=rep1&amp;type=pdf}
}

@techreport{Minka2000DerivingProcesses,
    title = {{Deriving quadrature rules from Gaussian processes}},
    year = {2000},
    booktitle = {Quadrature},
    author = {Minka, T.P.},
    pages = {1--21},
    url = {http://research.microsoft.com/en-us/um/people/minka/papers/minka-quadrature.ps.gz},
    institution = {Technical Report, Statistics Department, Carnegie Mellon University}
}

@article{Viswanath2009DesignMapping,
    title = {{Design Space Reduction in Optimization Using Generative Topographic Mapping}},
    year = {2009},
    journal = {Design},
    author = {Viswanath, Asha and Forrester, Alexander I J and Keane, Andy J},
    pages = {1--10},
    keywords = {dimension reduction, exploration, global optimization, gtm, response surface, weighted}
}

@article{JSacksWJWelchTJMitchell1989DesignandExperiments,
    title = {{Designand analysis of computer experiments}},
    year = {1989},
    author = {J Sacks, WJ Welch, TJ Mitchell, HP Wynn}
}

@article{Finger2001DevelopingDesign,
    title = {{Developing Bayesian Surrogates for Use in Preliminary Design}},
    year = {2001},
    author = {Finger, Susan},
    pages = {1--10},
    keywords = {21701}
}

@article{Maaten2008DimensionalityReview,
    title = {{Dimensionality Reduction : A Comparative Review}},
    year = {2008},
    author = {Maaten, L J P Van Der and Postma, E O and Herik, H J Van Den},
    number = {February},
    keywords = {dimensionality reduction, feature extraction, manifold learning}
}

@article{Sugiyama2010DimensionalitySpaces.,
    title = {{Dimensionality reduction for density ratio estimation in high-dimensional spaces.}},
    year = {2010},
    journal = {Neural networks : the official journal of the International Neural Network Society},
    author = {Sugiyama, Masashi and Kawanabe, Motoaki and Chui, Pui Ling},
    number = {1},
    month = {1},
    pages = {44--59},
    volume = {23},
    url = {http://www.ncbi.nlm.nih.gov/pubmed/19631506},
    doi = {10.1016/j.neunet.2009.07.007},
    issn = {1879-2782},
    pmid = {19631506},
    keywords = {Algorithms, Artificial Intelligence, Discriminant Analysis, Genetic Testing, Humans, Information Storage and Retrieval, Models, Statistical, Neural Networks (Computer), Regression Analysis, Signal Processing, Computer-Assisted}
}

@article{Ginsbourger2008DiscreteOptimization,
    title = {{Discrete mixtures of kernels for Kriging-based optimization}},
    year = {2008},
    journal = {Quality and Reliability Engineering International},
    author = {Ginsbourger, David and Helbert, Céline and Carraro, Laurent},
    number = {6},
    month = {10},
    pages = {681--691},
    volume = {24},
    url = {http://doi.wiley.com/10.1002/qre.945},
    doi = {10.1002/qre.945},
    issn = {07488017},
    keywords = {5, Gaussian Processes, Global Optimization, Kernel Se, challenging problem since the, computation time, ego, for the past decade, furthermore, gaussian processes, global optimization, have been developed, is severely limited by, kernel selection, kriging-based derivative-free algorithms like, mixture of experts, not available, number of runs, numerical simulators is a, the derivatives are generally, the global optimization of}
}

@article{Cho2017DisintegrationConcretely,
    title = {{Disintegration and Bayesian Inversion, Both Abstractly and Concretely}},
    year = {2017},
    author = {Cho, Kenta and Jacobs, Bart},
    number = {320571},
    url = {http://arxiv.org/abs/1709.00322},
    arxivId = {1709.00322}
}

@article{Klein2007Do,
    title = {{Do Additional Objectives Make a Problem Harder ?}},
    year = {2007},
    journal = {Complexity},
    author = {Klein, Christian and Friedrich, Tobias and Neumann, Frank},
    keywords = {multi-objective optimization, running time analysis}
}

@book{WrongDoneWrong,
    title = {{Done wrong}},
    author = {Wrong, Done},
    isbn = {9781593276201}
}

@article{Jeong2005EfficientMining,
    title = {{Efficient Global Optimization (EGO) for Multi-Objective Problem and Data Mining}},
    year = {2005},
    journal = {Proceeding of Congress on Evolutionary Computation},
    author = {Jeong, S and Obayashi, S},
    pages = {2138--2145},
    volume = {3}
}

@article{Jones1998EfficientFunctions,
    title = {{Efficient Global Optimization of Expensive Black-Box Functions}},
    year = {1998},
    journal = {Journal of Global Optimization},
    author = {Jones, Donald R and Schonlau, Matthias and Welch, William J},
    number = {4},
    pages = {455--492},
    volume = {13},
    publisher = {Springer},
    url = {http://www.springerlink.com/index/M5878111M101017P.pdf},
    doi = {10.1023/A:1008306431147},
    issn = {09255001}
}

@article{Alvarez2009EfficientKernels,
    title = {{Efficient Multioutput Gaussian Processes through Variational Inducing Kernels}},
    year = {2009},
    journal = {Artificial Intelligence},
    author = {Alvarez, Mauricio A and Luengo, David and Teor, Depto and Titsias, Michalis K and Lawrence, Neil D},
    number = {x}
}

@article{Wilson2001EfficientApproximations,
    title = {{Efficient Pareto Frontier Exploration using Surrogate Approximations}},
    year = {2001},
    journal = {Optimization},
    author = {Wilson, Benjamin and Cappelleri, David and Simpson, Timothy W and Frecker, Mary},
    number = {1999},
    pages = {31--50},
    keywords = {approximation models, kriging, multiobjective optimization, pareto frontier, response surface}
}

@techreport{Doberkat2006EilenbergMooreRelations,
    title = {{Eilenberg–Moore algebras for stochastic relations}},
    year = {2006},
    booktitle = {Information and Computation},
    author = {Doberkat, EE},
    number = {149},
    url = {http://www.sciencedirect.com/science/article/pii/S0890540106001015}
}

@techreport{Marcus2014EllipticCryptography,
    title = {{Elliptic curve cryptography}},
    year = {2014},
    author = {Marcus, Phillip; and Wilt, Karker},
    url = {https://github.com/philwilt/Dual_EC_DRBG/blob/master/paper.pdf}
}

@article{Acar2008EnsembleFactors,
    title = {{Ensemble of metamodels with optimized weight factors}},
    year = {2008},
    journal = {Structural and Multidisciplinary Optimization},
    author = {Acar, E. and Rais-Rohani, M.},
    number = {3},
    month = {2},
    pages = {279--294},
    volume = {37},
    url = {http://www.springerlink.com/index/10.1007/s00158-008-0230-y},
    doi = {10.1007/s00158-008-0230-y},
    issn = {1615-147X}
}

@article{Vehtari2014EstimatingSimulations,
    title = {{Estimating out-of-sample pointwise predictive accuracy using posterior simulations}},
    year = {2014},
    author = {Vehtari, Aki and Gelman, Andrew},
    number = {May},
    keywords = {applicable information criterion, bayesian computation, deviance information criterion, dic, k -fold cross-validation, leave-one-out cross-, loo-cv, r, validation, watanabe-akaike information criterion, widely}
}

@article{RubinEstimationExperiments,
    title = {{Estimation in Parallel Randomized Experiments}},
    author = {Rubin, Donald B},
    number = {1979},
    pages = {377--400}
}

@article{AreasETable.,
    title = {{eTable 1 . Comparison of thyroid cancer prevalence among children and adolescents detected by ultrasound : Fukushima ; Aomori , Yamanashi and Nagasaki ; and Chernobyl .}},
    author = {Areas, Study and Period, Study}
}

@article{Rasmussen1996EvaluationRegression,
    title = {{Evaluation of Gaussian Processes and other Methods for Non-Linear Regression}},
    year = {1996},
    journal = {Computer},
    author = {Rasmussen, Carl Edward}
}

@article{ZitzlerEvolutionaryApplications,
    title = {{Evolutionary Algorithms for Multiobjective Optimization : Methods and Applications}},
    journal = {English},
    author = {Zitzler, Eckart},
    number = {30}
}

@article{Ishibuchi2008EvolutionaryReview,
    title = {{Evolutionary many-objective optimization: A short review}},
    year = {2008},
    journal = {2008 IEEE Congress on Evolutionary Computation (IEEE World Congress on Computational Intelligence)},
    author = {Ishibuchi, Hisao and Tsukamoto, Noritaka and Nojima, Yusuke},
    month = {6},
    pages = {2419--2426},
    publisher = {Ieee},
    url = {http://ieeexplore.ieee.org/lpdocs/epic03/wrapper.htm?arnumber=4631121},
    isbn = {978-1-4244-1822-0},
    doi = {10.1109/CEC.2008.4631121}
}

@article{Gorissen2009EvolutionaryModeling,
    title = {{Evolutionary Model Type Selection for Global Surrogate Modeling}},
    year = {2009},
    journal = {Journal of Machine Learning Research},
    author = {Gorissen, Dirk},
    pages = {2039--2078},
    volume = {10},
    keywords = {active learning, adaptive sampling, function approxmation, genetic algorithms, global surrogate modeling, imation, model type selection}
}

@article{DebExercisesAlgorithms,
    title = {{Exercises to Multi-Objective Optimization Using Evolutionary Algorithms}},
    author = {{Deb}}
}

@article{Kleijnen2010EXPECTEDKRIGING,
    title = {{EXPECTED IMPROVEMENT IN EFFICIENT GLOBAL OPTIMIZATION THROUGH BOOTSTRAPPED KRIGING}},
    year = {2010},
    journal = {papers.ssrn.com},
    author = {Kleijnen, JPC and Beers, WCM Van and Nieuwenhuyse, Inneke Van},
    url = {http://papers.ssrn.com/sol3/papers.cfm?abstract_id=1631658}
}

@article{Zhang2010ExpensiveModel,
    title = {{Expensive Multiobjective Optimization by MOEA/D With Gaussian Process Model}},
    year = {2010},
    journal = {IEEE Transactions on Evolutionary Computation},
    author = {Zhang, Qingfu and Liu, Wudong and Tsang, Edward and Virginas, Botond},
    number = {3},
    month = {6},
    pages = {456--474},
    volume = {14},
    url = {http://ieeexplore.ieee.org/lpdocs/epic03/wrapper.htm?arnumber=5353656},
    doi = {10.1109/TEVC.2009.2033671},
    issn = {1089-778X}
}

@article{Jaakkola1999ExploitingClassifiers,
    title = {{Exploiting generative models in discriminative classifiers}},
    year = {1999},
    author = {Jaakkola, Tommi S and Haussler, David}
}

@article{Sasena2002ExplorationOptimization,
    title = {{Exploration of metamodeling sampling criteria for constrained global optimization}},
    year = {2002},
    journal = {Eng. Opt},
    author = {Sasena, M J and Papalambros, P and Goovaerts, P},
    pages = {263--278},
    volume = {34}
}

@article{deFreitas2012ExponentialObservations,
    title = {{Exponential Regret Bounds for Gaussian Process Bandits with Deterministic Observations}},
    year = {2012},
    journal = {Proceedings of the 29th International Conference on Machine Learning (ICML-12)},
    author = {de Freitas, Nando and Smola, Alex and Zoghi, Masrour},
    pages = {1743--1750},
    url = {http://arxiv.org/abs/1206.6457},
    isbn = {978-1-4503-1285-1},
    arxivId = {1206.6457}
}

@article{Kiselyov2013ExtensibleTransformers,
    title = {{Extensible effects: an alternative to monad transformers}},
    year = {2013},
    journal = {Proceedings of the 2013 ACM SIGPLAN {\ldots}},
    author = {Kiselyov, Oleg and Sabry, Amr and Swords, Cameron},
    pages = {59--70},
    url = {http://dl.acm.org/citation.cfm?id=2503791},
    isbn = {9781450323833},
    doi = {10.1145/2503778.2503791},
    issn = {15232867},
    keywords = {coroutine, effect handler, effect interaction, monad, monad transformer, open union, type and effect system}
}

@article{Tversky1983ExtensionalJudgment,
    title = {{Extensional Versus Intuititive Reasoning: The Conjuction Fallacy in Probability Judgment}},
    year = {1983},
    journal = {Pscyhological Review},
    author = {Tversky, Amos and Kahneman, Daniel},
    number = {4},
    month = {4},
    pages = {440--451},
    volume = {90},
    publisher = {Elsevier},
    url = {http://linkinghub.elsevier.com/retrieve/pii/B9781483214467500388},
    isbn = {1558600132},
    doi = {10.1016/B978-1-4832-1446-7.50038-8},
    issn = {16641078},
    pmid = {6571423}
}

@article{Pinheiro2007FailurePopulation,
    title = {{Failure trends in a large disk drive population}},
    year = {2007},
    journal = {Proceedings of the 5th USENIX Conference on File and Storage Technologies (FAST 2007)},
    author = {Pinheiro, Eduardo and Weber, WD and Barroso, LA},
    number = {February},
    pages = {17--29},
    url = {http://static.usenix.org/event/fast07/tech/full_papers/pinheiro/pinheiro_html/%5Cnhttp://research.google.com/archive/disk_failures.pdf},
    isbn = {978-1-931971-50-8},
    doi = {10.1016/j.engfailanal.2005.10.010},
    issn = {13506307}
}

@article{Tipping2006FastModels,
    title = {{Fast Marginal Likelihood Maximisation for Sparse Bayesian Models}},
    year = {2006},
    author = {Tipping, Michael E and Faul, Anita C},
    number = {x},
    pages = {1--13}
}

@article{Faculty2007Feature-BasedSupport,
    title = {{Feature-Based Hierarchical Knowledge Engineering for Aircraft Life Cycle Design Decision Support A Dissertation Wei Zhao Of the Requirements for the Degree Feature-Based Hierarchical Knowledge Engineering for Aircraft Life Cycle Design Decision Support}},
    year = {2007},
    journal = {Aerospace Engineering},
    author = {Faculty, The Academic and Fulfillment, In Partial},
    number = {May}
}

@article{SozeauFirst-ClassClasses,
    title = {{First-Class Type Classes}},
    author = {Sozeau, Matthieu and Oury, Nicolas},
    url = {https://www.irif.fr/~sozeau/research/publications/First-Class_Type_Classes.pdf}
}

@article{Sasena2002FlexibilityBy,
    title = {{Flexibility and Efficiency Enhancements for Constrained Global Design Optimization with Kriging Approximations by}},
    year = {2002},
    author = {Sasena, Michael James}
}

@misc{Barthe2007FormalProofs,
    title = {{Formal Certification of Code-Based Cryptographic Proofs}},
    year = {2007},
    author = {Barthe, Gilles and Gr{\'{e}}goire, Benjamin and Janvier, R and Zanella B{\'{e}}guelin, Santiago},
    url = {http://www-sop.inria.fr/members/Benjamin.Gregoire/Cours/popl09.pdf},
    doi = {10.1145/1480881.1480894},
    keywords = {D34 [Programming Languages], Denotational semantics, F31 [Logics and Meanings of Programs], F32 [Logics and Meanings of Programs], Formal Definitions and Theory, Optimization, Processors—Compilers, Program analysis General Terms Languages, Security, Verification}
}

@article{Barthe2009FormalCerticrypt,
    title = {{Formal certification of elgamal encryption a gentle introduction to certicrypt}},
    year = {2009},
    journal = {Lecture Notes in Computer Science (including subseries Lecture Notes in Artificial Intelligence and Lecture Notes in Bioinformatics)},
    author = {Barthe, Gilles and Gŕegoire, Benjamin and Heraud, Sylvain and B{\'{e}}guelin, Santiago Zanella},
    pages = {1--19},
    volume = {5491 LNCS},
    isbn = {364201464X},
    doi = {10.1007/978-3-642-01465-9{\_}1},
    issn = {03029743}
}

@article{Eldred2006FormulationsModels,
    title = {{Formulations for Surrogate-Based Optimization with Data Fit , Multifidelity , and ReducedOrder Models}},
    year = {2006},
    journal = {Contract},
    author = {Eldred, M S and Dunlavy, D M},
    number = {September}
}

@article{Jacobs2017FromEffectuses,
    title = {{From probability monads to commutative effectuses}},
    year = {2017},
    journal = {Journal of Logical and Algebraic Methods in Programming},
    author = {Jacobs, Bart},
    number = {320571},
    pages = {200--237},
    volume = {94},
    publisher = {Elsevier Inc.},
    url = {http://dx.doi.org/10.1016/j.jlamp.2016.11.006%5Cnhttp://linkinghub.elsevier.com/retrieve/pii/S2352220816301122},
    doi = {10.1016/j.jlamp.2016.11.006},
    issn = {23522208}
}

@article{Nia2006Gauss-Hermite,
    title = {{Gauss-Hermite Quadrature : Numerical or Statistical Method ?}},
    year = {2006},
    author = {Nia, Vahid Partovi},
    pages = {1--14},
    keywords = {function interpolation, generalized linear mixed, hermite polynomial, mixing distribution, model, nonparametric max-}
}

@article{LawrenceGaussianData,
    title = {{Gaussian Process Latent Variable Models for Visualisation of High Dimensional Data}},
    journal = {Computer},
    author = {Lawrence, Neil D and Court, Regent and Street, Portobello}
}

@article{FriedmanGaussianNetworks,
    title = {{Gaussian Process Networks}},
    journal = {Structure},
    author = {Friedman, Nir and Nachman, Iftach}
}

@article{Srinivas2010GaussianDesign,
    title = {{Gaussian Process Optimization in the Bandit Setting: No Regret and Experimental Design}},
    year = {2010},
    journal = {Proceedings of the 27th International Conference on Machine Learning (ICML 2010)},
    author = {Srinivas, Niranjan and Krause, Andreas and Kakade, Sham M. and Seeger, Matthias},
    pages = {1015--1022},
    url = {http://arxiv.org/abs/0912.3995},
    isbn = {9781605589077},
    doi = {10.1109/TIT.2011.2182033},
    issn = {00189448},
    arxivId = {0912.3995},
    keywords = {Gaussian Process Bandits, Experimental Design, Ban}
}

@article{Contal2014GaussianInformation,
    title = {{Gaussian process optimization with mutual information}},
    year = {2014},
    journal = {Proceedings of the 31 st International Conference on Machine Learning (ICML)},
    author = {Contal, E. and Perchet, V. and Vayatis, N.},
    pages = {253--261}
}

@article{Girard2003GaussianForecasting,
    title = {{Gaussian process priors with uncertain inputs-application to multiple-step ahead time series forecasting}},
    year = {2003},
    journal = {Advances in Neural Information Processing Systems},
    author = {Girard, Agathe and Rasmussen, C.E. and Candela, J.Q. and Murray-Smith, R.},
    pages = {545–552},
    publisher = {Citeseer},
    url = {http://citeseerx.ist.psu.edu/viewdoc/download?doi=10.1.1.70.4487&amp;rep=rep1&amp;type=pdf}
}

@article{Girard2002GaussianPrediction,
    title = {{Gaussian process priors with uncertain inputs: Multiple-step ahead prediction}},
    year = {2002},
    journal = {Delovno porocilo DCS TR-2002-119, University of Glasgow, Glasgow},
    author = {Girard, Agathe and Rasmussen, C.E. and Murray-Smith, R.},
    pages = {1--18},
    publisher = {Citeseer},
    url = {http://citeseerx.ist.psu.edu/viewdoc/download?doi=10.1.1.12.8520&amp;rep=rep1&amp;type=pdf}
}

@article{MackayGaussianProcesses,
    title = {{gaussian processes}},
    author = {Mackay, David J.C.},
    doi = {10.1021/ci900406x},
    issn = {1549-960X},
    pmid = {20433177}
}

@inproceedings{Osborne2009GaussianOptimization,
    title = {{Gaussian Processes for Global Optimization}},
    year = {2009},
    booktitle = {Proceedings of the International Conference on Learning and Intelligent Optimization},
    author = {Osborne, Michael A and Garnett, Roman and Roberts, Steven J},
    number = {x},
    pages = {1--15},
    url = {http://www.robots.ox.ac.uk/~mosb/papers/OsborneGarnettRobertsGPGO.pdf},
    keywords = {bayesian methods, decision theory, gaussian processes, global optimization, noisy optimization, non-convex optimization}
}

@article{Rasmussen2006GaussianLearning,
    title = {{Gaussian Processes for Machine Learning}},
    year = {2006},
    journal = {MIT Press},
    author = {Rasmussen, C.E.;}
}

@book{Rasmussen2006GaussianLearningb,
    title = {{Gaussian Processes for Machine Learning}},
    year = {2006},
    author = {Rasmussen, Carl Edward and Williams, Christopher K I}
}

@article{Chu2005GaussianRegression,
    title = {{Gaussian Processes for Ordinal Regression}},
    year = {2005},
    journal = {Journal of Machine Learning Research},
    author = {Chu, Wei and Ghahramani, Zoubin},
    pages = {1--24},
    volume = {6},
    keywords = {approximate bayesian inference, collaborative filtering, feature selection, gaussian processes, gene expression analysis, ordinal regression}
}

@article{Osborne2007GaussianPrediction,
    title = {{Gaussian Processes for Prediction}},
    year = {2007},
    journal = {Identities},
    author = {Osborne, Michael}
}

@techreport{Osborne2007GaussianPredictionb,
    title = {{Gaussian Processes for Prediction}},
    year = {2007},
    booktitle = {Identities},
    author = {Osborne, Michael}
}

@article{CKIWilliams1996GaussianRegression,
    title = {{Gaussian processes for regression}},
    year = {1996},
    author = {CKI Williams, CE Rasmussen}
}

@article{Seeger2004GaussianLearning,
    title = {{Gaussian processes in machine learning}},
    year = {2004},
    author = {Seeger, Matthias},
    publisher = {Springer},
    url = {http://www.springerlink.com/index/3xevuky2p4272n75.pdf}
}

@article{Rasmussen2003GaussianIntegrals,
    title = {{Gaussian Processes to Speed up Hybrid Monte Carlo for Expensive Bayesian Integrals}},
    year = {2003},
    journal = {Statistics},
    author = {Rasmussen, Carl Edward},
    pages = {651--659},
    keywords = {derivative process, design, gaussian process, hybrid monte carlo, markov chain monte carlo, nonparametric models, quadrature}
}

@article{Lim2008GeneralizingComptation,
    title = {{Generalizing Surrogate-assisted Evolutionary Comptation}},
    year = {2008},
    journal = {IEEE Transactions on Evolutionary Computation},
    author = {Lim, Dudy and Jin, Yaochu and Ong, Yew-soon and Sendhoff, Bernhard},
    pages = {1--65},
    volume = {639798}
}

@misc{Mendeley2009GettingMendeley,
    title = {{Getting Started with Mendeley}},
    year = {2009},
    booktitle = {Mendeley Desktop},
    author = {{Mendeley}},
    publisher = {Mendeley Ltd.},
    url = {http://www.mendeley.com},
    address = {London},
    keywords = {Mendeley}
}

@misc{TheMendeleySupportTeam2010GettingMendeley,
    title = {{Getting Started with Mendeley}},
    year = {2010},
    booktitle = {Mendeley Desktop},
    author = {{The Mendeley Support Team}},
    pages = {1--14},
    publisher = {Mendeley Ltd.},
    url = {http://www.mendeley.com},
    address = {London},
    keywords = {Mendeley, how-to, user manual}
}

@misc{TheMendeleySupportTeam2010GettingMendeleyb,
    title = {{Getting Started with Mendeley}},
    year = {2010},
    booktitle = {Mendeley Desktop},
    author = {{The Mendeley Support Team}},
    pages = {1--16},
    publisher = {Mendeley Ltd.},
    url = {http://www.mendeley.com},
    address = {London},
    keywords = {manual}
}

@misc{TheMendeleySupportTeam2011GettingMendeley,
    title = {{Getting Started with Mendeley}},
    year = {2011},
    booktitle = {Mendeley Desktop},
    author = {{The Mendeley Support Team}},
    pages = {1--16},
    publisher = {Mendeley Ltd.},
    url = {http://www.mendeley.com},
    address = {London},
    keywords = {Mendeley, how-to, user manual}
}

@article{Vazquez2008GlobalApproaches,
    title = {{Global optimization based on noisy evaluations : an empirical study of two statistical approaches}},
    year = {2008},
    author = {Vazquez, Emmanuel and Villemonteix, Julien and Sidorkiewicz, Maryan},
    volume = {135},
    keywords = {computer simulations, gaussian process, global optimization, kriging, noisy, noisy evaluations.}
}

@article{Floudas2005GlobalChallenges,
    title = {{Global optimization in the 21st century: Advances and challenges}},
    year = {2005},
    journal = {Computers {\&} Chemical Engineering},
    author = {Floudas, C and Akrotirianakis, I and Caratzoulas, S and Meyer, C and Kallrath, J},
    number = {6},
    month = {5},
    pages = {1185--1202},
    volume = {29},
    url = {http://linkinghub.elsevier.com/retrieve/pii/S0098135405000104},
    doi = {10.1016/j.compchemeng.2005.02.006},
    issn = {00981354},
    keywords = {bilevel nonlinear optimization, convex envelopes, convex underestimators, differential-algebraic optimization, global optimization, grey-box models, mixed-integer nonlinear optimization, nonconvexities, nonfactorable, nonlinear optimization, optimization with, trigonometric functions, trilinear monomials, twice continuously differentiable functions}
}

@article{Forrester2008GlobalSampling,
    title = {{Global Optimization of Deceptive Functions With Sparse Sampling}},
    year = {2008},
    journal = {Design},
    author = {Forrester, Alexander I J and Jones, Donald R},
    pages = {1--15}
}

@article{Villemonteix2008GlobalCriteria,
    title = {{Global optimization of expensive-to-evaluate functions: an empirical comparison of two sampling criteria}},
    year = {2008},
    journal = {Journal of Global Optimization},
    author = {Villemonteix, Julien and Vazquez, Emmanuel and Sidorkiewicz, Maryan and Walter, Eric},
    number = {2-3},
    month = {6},
    pages = {373--389},
    volume = {43},
    url = {http://www.springerlink.com/index/10.1007/s10898-008-9313-y},
    doi = {10.1007/s10898-008-9313-y},
    issn = {0925-5001},
    keywords = {Gaussian process, computer simulations, expected improvement, global optimization, kriging, noisy evaluations.}
}

@article{Huang2006GlobalMeta-Models,
    title = {{Global Optimization of Stochastic Black-Box Systems via Sequential Kriging Meta-Models}},
    year = {2006},
    journal = {Journal of Global Optimization},
    author = {Huang, D. and Allen, T. T. and Notz, W. I. and Zeng, N.},
    number = {3},
    month = {3},
    pages = {441--466},
    volume = {34},
    url = {http://www.springerlink.com/index/10.1007/s10898-005-2454-3},
    doi = {10.1007/s10898-005-2454-3},
    issn = {0925-5001}
}

@article{Ko2009GP-BayesFilters:Models,
    title = {{GP-BayesFilters: Bayesian filtering using Gaussian process prediction and observation models}},
    year = {2009},
    journal = {Autonomous Robots},
    author = {Ko, Jonathan and Fox, Dieter},
    number = {1},
    month = {5},
    pages = {75--90},
    volume = {27},
    url = {http://www.springerlink.com/index/10.1007/s10514-009-9119-x},
    doi = {10.1007/s10514-009-9119-x},
    issn = {0929-5593},
    keywords = {bayesian filtering, dynamic modelling, gaussian process, machine learning, regression}
}

@article{Simpson2006GraphicalSystem,
    title = {{Graphical and text-based design interfaces for parameter design of an I-beam, desk lamp, aircraft wing, and job shop manufacturing system}},
    year = {2006},
    journal = {Engineering with Computers},
    author = {Simpson, Timothy W. and Frecker, Mary and Barton, Russell R. and Rothrock, Ling},
    number = {2},
    month = {10},
    pages = {93--107},
    volume = {23},
    url = {http://www.springerlink.com/index/10.1007/s00366-006-0045-7},
    doi = {10.1007/s00366-006-0045-7},
    issn = {0177-0667},
    keywords = {graphical user interface, metamodels {\'{a}} simulation {\'{a}}, visualization {\'{a}} design optimization, {\'{a}}}
}

@article{Betancourt2013HamiltonianModels,
    title = {{Hamiltonian Monte Carlo for Hierarchical Models}},
    year = {2013},
    journal = {Arxiv preprint arXiv:1312.0906},
    author = {Betancourt, M. J. and Girolami, Mark},
    pages = {11},
    url = {http://arxiv.org/abs/1312.0906},
    isbn = {9761482235111},
    doi = {10.1201/b18502-5},
    arxivId = {1312.0906}
}

@article{Plotkin2013HANDLING,
    title = {{HANDLING ALGEBRAIC EFFECTS *}},
    year = {2013},
    journal = {Logical Methods in Computer Science},
    author = {Plotkin, Gordon D and Pretnar, Matija},
    number = {23},
    pages = {1--36},
    volume = {94},
    url = {www.lmcs-online.org},
    doi = {10.2168/LMCS-9(4:23)2013},
    keywords = {()}
}

@article{Wang2005HierarchicalConduction,
    title = {{Hierarchical Bayesian models for inverse problems in heat conduction}},
    year = {2005},
    journal = {Inverse Problems},
    author = {Wang, Jingbo and Zabaras, Nicholas},
    number = {Mcmc},
    url = {http://citeseerx.ist.psu.edu/viewdoc/download?doi=10.1.1.58.389&amp;rep=rep1&amp;type=pdf}
}

@article{Lawrence2007HierarchicalModels,
    title = {{Hierarchical Gaussian Process Latent Variable Models}},
    year = {2007},
    journal = {Machine Learning},
    author = {Lawrence, Neil D and Moore, Andrew J}
}

@article{Bouveyron2007High-dimensionalClustering,
    title = {{High-dimensional data clustering}},
    year = {2007},
    journal = {Computational Statistics {\&} Data Analysis},
    author = {Bouveyron, C and Girard, S and Schmid, C},
    number = {1},
    month = {9},
    pages = {502--519},
    volume = {52},
    url = {http://linkinghub.elsevier.com/retrieve/pii/S0167947307000692},
    doi = {10.1016/j.csda.2007.02.009},
    issn = {01679473},
    keywords = {dimension reduction, high-dimensional data, model-based clustering, parsimonious models}
}

@article{HomotopySTUDY,
    title = {{Homotopy Type Theory THE UNIVALENT FOUNDATIONS PROGRAM INSTITUTE FOR ADVANCED STUDY}},
    url = {https://hott.github.io/book/nightly/hott-online-1075-g3c53219.pdf}
}

@inproceedings{Gonthier2011HowHoc,
    title = {{How to make ad hoc proof automation less ad hoc}},
    year = {2011},
    booktitle = {Proceeding of the 16th ACM SIGPLAN international conference on Functional programming - ICFP '11},
    author = {Gonthier, Georges and Ziliani, Beta and Nanevski, Aleksandar and Dreyer, Derek},
    number = {04},
    month = {7},
    pages = {163},
    volume = {23},
    publisher = {ACM Press},
    url = {http://dl.acm.org/citation.cfm?doid=2034773.2034798 http://www.journals.cambridge.org/abstract_S0956796813000051},
    address = {New York, New York, USA},
    isbn = {9781450308656},
    doi = {10.1145/2034773.2034798},
    issn = {0956-7968}
}

@article{GONTHIER2013HowHoc,
    title = {{How to make ad hoc proof automation less ad hoc}},
    year = {2013},
    journal = {Journal of Functional Programming},
    author = {GONTHIER, GEORGES and ZILIANI, BETA and NANEVSKI, ALEKSANDAR and DREYER, DEREK},
    number = {04},
    month = {7},
    pages = {357--401},
    volume = {23},
    url = {http://www.journals.cambridge.org/abstract_S0956796813000051},
    doi = {10.1017/S0956796813000051},
    issn = {0956-7968}
}

@article{Optimization2008HypEHypervolume-Based,
    title = {{HypE : An Algorithm for Fast Hypervolume-Based}},
    year = {2008},
    journal = {Computer Engineering},
    author = {Optimization, Many-objective and Bader, Johannes and Zitzler, Eckart}
}

@article{MackayHyperparameters,
    title = {{Hyperparameters : optimize , or integrate out ?}},
    journal = {Methods},
    author = {Mackay, David J C},
    pages = {1--22}
}

@article{DebI-EMO:Tool,
    title = {{I-EMO: An interactive evolutionary multi-objective optimization tool}},
    journal = {Pattern Recognition and Machine Intelligence},
    author = {Deb, Kalyanmoy and Chaudhuri, Shamik},
    url = {http://www.springerlink.com/index/F04124V684244273.pdf}
}

@misc{KDeb2007I-MODE:Methods,
    title = {{I-MODE: An interactive multi-objective optimization and decision-making using evolutionary methods}},
    year = {2007},
    author = {K Deb, S Chaudhuri}
}

@article{VillemonteixIdentificationReduction,
    title = {{Identification of expensive-to-simulate parametric models using kriging and stepwise uncertainty reduction}},
    journal = {In 46th IEEE Conference on Decision and Control},
    author = {Villemonteix, J and Vazquez, E and Walter, É},
    pages = {5505--5510},
    volume = {pages}
}

@article{Villemonteix2007IdentificationReduction,
    title = {{Identification of expensive-to-simulate parametric models using Kriging and Stepwise Uncertainty Reduction}},
    year = {2007},
    author = {Villemonteix, Julien and Vazquez, Emmanuel and Walter, Eric}
}

@article{Betancourt2016IdentifyingCarlo,
    title = {{Identifying the Optimal Integration Time in Hamiltonian Monte Carlo}},
    year = {2016},
    author = {Betancourt, Michael},
    pages = {31},
    url = {http://arxiv.org/abs/1601.00225},
    arxivId = {1601.00225},
    keywords = {a probability distribution, and phrases, applied statistics, carlo, diagnostics, distribution, hamiltonian monte, has been specified as, markov chain monte carlo, microcanonical disintegration, of expectations with respect, once a statistical model, reduces to the evaluation, to the that target}
}

@misc{TWSimpsonKBarronLRothrock2007ImpactInterfaces,
    title = {{Impact of response delay and training on user performance with text-based and graphical user interfaces}},
    year = {2007},
    author = {TW Simpson, K Barron, L Rothrock, M Frecker}
}

@article{QuttinehImplementationAlgorithm,
    title = {{Implementation of a One-Stage Efficient Global Optimization ( EGO ) Algorithm}},
    journal = {Matrix},
    author = {Quttineh, Nils-hassan and Holmstr, Kenneth},
    pages = {1--23},
    keywords = {black-box, costly functions, experimental design, latin hypercube designs, surrogate model}
}

@misc{ImportMendeley,
    title = {{Import citations into your digital library using the Mendeley Bookmarklet | Mendeley}},
    url = {http://www.mendeley.com/import/},
    keywords = {academic research, academic software, academics, bibliography, digital library, library management, library software, reference software, research paper, research tool, researcher}
}

@article{Tzikas2008IncrementalLearning,
    title = {{Incremental relevance vector machine with kernel learning}},
    year = {2008},
    journal = {Artificial Intelligence: Theories, Models and},
    author = {Tzikas, D and Likas, A and Galatsanos, N},
    url = {http://www.springerlink.com/index/p6l7860363767u12.pdf}
}

@article{HuetGerardInductionConstructions,
    title = {{Induction Principles Formalized in the Calculus of Constructions}},
    author = {{Huet G{\'{e}}rard}},
    url = {http://citeseerx.ist.psu.edu/viewdoc/download?doi=10.1.1.104.3242&rep=rep1&type=pdf}
}

@article{Neil2007InferenceDiscretization,
    title = {{Inference in hybrid Bayesian networks using dynamic discretization}},
    year = {2007},
    journal = {Statistics and Computing},
    author = {Neil, Martin and Tailor, Manesh and Marquez, David},
    number = {3},
    month = {7},
    pages = {219--233},
    volume = {17},
    url = {http://www.springerlink.com/index/10.1007/s11222-007-9018-y},
    doi = {10.1007/s11222-007-9018-y},
    issn = {0960-3174},
    keywords = {bayesian networks, bayesian software, dynamic discretisation, expert systems, propagation algorithms, reasoning under, statistical inference, uncertainty}
}

@article{Pretnar2014INFERRINGEFFECTS,
    title = {{INFERRING ALGEBRAIC EFFECTS}},
    year = {2014},
    journal = {Logical Methods in Computer Science},
    author = {Pretnar, Matija},
    number = {21},
    pages = {1--43},
    volume = {103},
    url = {www.lmcs-online.org},
    doi = {10.2168/LMCS-10(3:21)2014},
    keywords = {()}
}

@article{MacKay1992Information-basedSelection,
    title = {{Information-based objective functions for active data selection}},
    year = {1992},
    journal = {Neural computation},
    author = {MacKay, D.J.C.},
    number = {4},
    pages = {590–604},
    volume = {4},
    publisher = {MIT Press},
    url = {http://www.mitpressjournals.org/doi/pdf/10.1162/neco.1992.4.4.590}
}

@article{Srinivas2012Information-TheoreticSetting,
    title = {{Information-Theoretic Regret Boundsfor Gaussian Process Optimization in the Bandit Setting}},
    year = {2012},
    journal = {IEEE Transactions on Information Theory},
    author = {Srinivas, Niranjan and Krause, Andreas and Kakade, S and Seeger, Matthias},
    number = {c},
    pages = {1--16},
    volume = {58},
    url = {http://ieeexplore.ieee.org/lpdocs/epic03/wrapper.htm?arnumber=6138914},
    doi = {10.1109/TIT.2011.2182033},
    issn = {0018-9448}
}

@article{Jacobs1996InheritanceConstructions,
    title = {{Inheritance and cofree constructions}},
    year = {1996},
    journal = {ECOOP ’96 — Object-Oriented Programming},
    author = {Jacobs, Bart},
    pages = {210--231},
    volume = {1098},
    url = {http://dx.doi.org/10.1007/BFb0053063},
    isbn = {978-3-540-61439-5},
    doi = {10.1007/BFb0053063},
    issn = {16113349}
}

@article{Deb2006IntroducingOptimization,
    title = {{Introducing robustness in multi-objective optimization}},
    year = {2006},
    journal = {Evolutionary Computation},
    author = {Deb, K. and Gupta, H.},
    number = {4},
    pages = {463–494},
    volume = {14},
    publisher = {MIT Press},
    url = {http://www.mitpressjournals.org/doi/abs/10.1162/evco.2006.14.4.463}
}

@article{Mackay1998INTRODUCTIONPROCESSES,
    title = {{INTRODUCTION TO GAUSSIAN PROCESSES}},
    year = {1998},
    author = {Mackay, David J C}
}

@article{Carpenter2016JournalLanguage,
    title = {{Journal of Statistical Software Stan : A Probabilistic Programming Language}},
    year = {2016},
    journal = {Journal of Statistical Software},
    author = {Carpenter, Bob and Gelman, Andrew and Hoffman, Matt and Lee, Daniel and Goodrich, Ben and Betancourt, Michael and Brubaker, Marcus A. and Li, Peter and Riddell, Allen},
    number = {Ii},
    volume = {VV},
    doi = {10.18637/jss.v076.i01},
    keywords = {probabilistic programming, Bayesian inference, alg}
}

@article{CristianiniKernelAnalysis,
    title = {{Kernel Methods for General Pattern Analysis}},
    author = {Cristianini, Nello}
}

@article{Micchelli2005KernelsLearning,
    title = {{Kernels for multi–task learning}},
    year = {2005},
    journal = {Advances in Neural Information Processing Systems},
    author = {Micchelli, C.A. and Pontil, Massimiliano},
    pages = {921–928},
    volume = {17},
    publisher = {Citeseer},
    url = {http://citeseerx.ist.psu.edu/viewdoc/download?doi=10.1.1.89.3605&amp;rep=rep1&amp;type=pdf}
}

@article{Steinke2008KernelsEquations,
    title = {{Kernels, regularization and differential equations}},
    year = {2008},
    journal = {Pattern Recognition},
    author = {Steinke, F and Scholkopf, B},
    number = {11},
    month = {11},
    pages = {3271--3286},
    volume = {41},
    url = {http://linkinghub.elsevier.com/retrieve/pii/S0031320308002367},
    doi = {10.1016/j.patcog.2008.06.011},
    issn = {00313203},
    keywords = {differential equation, positive definite kernel}
}

@techreport{Doberkat2007KleisliMonad,
    title = {{Kleisli morphisms and randomized congruences for the Giry monad}},
    year = {2007},
    booktitle = {Journal of Pure and Applied Algebra},
    author = {Doberkat, EE},
    number = {161},
    url = {http://www.sciencedirect.com/science/article/pii/S0022404907000746},
    keywords = {and phrases, countably generated equiv-, giry monad, kleisli construction}
}

@article{Toal2008KrigingStrategies,
    title = {{Kriging hyperparameter tuning strategies}},
    year = {2008},
    journal = {AIAA journal},
    author = {Toal, DJJ and Bressloff, NW and Keane, AJ},
    url = {http://eprints.soton.ac.uk/51067/}
}

@article{Biles2009KRIGINGOPTIMIZATION,
    title = {{KRIGING METAMODELING IN MULTI-OBJECTIVE SIMULATION OPTIMIZATION}},
    year = {2009},
    journal = {Design},
    author = {Biles, William E and Evans, Gerald W},
    number = {x},
    pages = {2115--2122}
}

@article{Kleijnen2009KrigingReview,
    title = {{Kriging metamodeling in simulation: A review}},
    year = {2009},
    journal = {European Journal of Operational Research},
    author = {Kleijnen, J},
    number = {3},
    month = {2},
    pages = {707--716},
    volume = {192},
    url = {http://linkinghub.elsevier.com/retrieve/pii/S0377221707010090},
    doi = {10.1016/j.ejor.2007.10.013},
    issn = {03772217},
    keywords = {design, interpolation, kriging, metamodel, optimization, response surface}
}

@article{Cevher2009LaplaceApproximation,
    title = {{Laplace approximation}},
    year = {2009},
    journal = {Probability Theory and Related Fields},
    author = {Cevher, Volkan},
    number = {3},
    month = {5},
    pages = {621--51},
    volume = {32},
    doi = {10.1007/s00440-008-0140-3}
}

@misc{Lauritzen_PropagationModels.pdf,
    title = {{lauritzen{\_}Propagation of Probabilties, Means, and Variances in Mixed Graphical Association Models.pdf}}
}

@article{Sollich2002LearningBounds,
    title = {{Learning curves for Gaussian process regression: Approximations and bounds}},
    year = {2002},
    journal = {Neural Computation},
    author = {Sollich, P. and Halees, A.},
    number = {6},
    pages = {1393–1428},
    volume = {14},
    publisher = {MIT Press},
    url = {http://www.mitpressjournals.org/doi/pdf/10.1162/089976602753712990}
}

@article{Minka1997LearningSets,
    title = {{Learning how to learn is learning with point sets}},
    year = {1997},
    journal = {Learning},
    author = {Minka, T.P. and Picard, R.W.},
    publisher = {Citeseer},
    url = {http://citeseerx.ist.psu.edu/viewdoc/summary?doi=10.1.1.56.7393}
}

@article{Lawrence2006LocalConstraints,
    title = {{Local Distance Preservation in the GP-LVM through Back Constraints}},
    year = {2006},
    journal = {Preservation},
    author = {Lawrence, Neil D and Science, Computer and Court, Regent and Street, Portobello and Qui, Joaquin},
    pages = {1--8}
}

@article{Fan2008MCMCSimulation,
    title = {{MCMC curve sampling and geometric conditional simulation}},
    year = {2008},
    journal = {Proceedings of SPIE},
    author = {Fan, Ayres and Fisher III, John W. and Kane, Jonathan and Willsky, Alan S.},
    number = {May 2010},
    pages = {681407--681407},
    volume = {6814},
    publisher = {Spie},
    url = {http://link.aip.org/link/PSISDG/v6814/i1/p681407/s1&Agg=doi},
    doi = {10.1117/12.778608},
    issn = {0277786X},
    keywords = {conditional simulation, gravity inversion, image segmentation, mcmc, sampling}
}

@inproceedings{Claret2015MechanicalCases,
    title = {{Mechanical Verification of Interactive Programs Specified by Use Cases}},
    year = {2015},
    booktitle = {IEEE/ACM FME Workshop on Formal Methods in Software Engineer-ing},
    author = {Claret, Guillaume},
    url = {https://hal.inria.fr/hal-01255107},
    doi = {10.1109/FormaliSE.2015.17>}
}

@article{Rushby2013MechanizedArgumentation,
    title = {{Mechanized Support For Assurance Case Argumentation}},
    year = {2013},
    author = {Rushby, John},
    url = {http://www.sdl.sri.com/~rushby/papers/aaa13.pdf}
}

@article{MichaelEmmerich2004MetamodelDesign,
    title = {{Metamodel Assisted Multiobjective Optimization Strategies and their Application in Airfoil Design}},
    year = {2004},
    journal = {Strategies},
    author = {Michael Emmerich, Boris Naujoks}
}

@article{BMetamodelStrategies,
    title = {{Metamodel – Assisted Evolution Strategies}},
    author = {B, Thomas and Giannakoglou, Kyriakos},
    pages = {361--370}
}

@article{Ligetti2005Metamodel-DrivenDesign,
    title = {{Metamodel-Driven Design Optimization Using Integrative Graphical Design}},
    year = {2005},
    journal = {Journal of Computing and Information Science in},
    author = {Ligetti, CB},
    url = {http://link.aip.org/link/?JCISB6/5/8/1}
}

@article{SasenaMetamodelingFramework,
    title = {{Metamodeling sampling criteria in a global optimization framework}},
    author = {Sasena, MJ and Papalambros, PY and Goovaerts, P},
    url = {http://www.aric.or.kr/treatise/journal/content.asp?idx=11818}
}

@article{TrespMixturesProcesses,
    title = {{Mixtures of Gaussian Processes}},
    journal = {Neural Computation},
    author = {Tresp, Volker}
}

@article{Neal1997MonteClassification,
    title = {{Monte Carlo Implementation of Gaussian Process Models for Bayesian Regression and Classification}},
    year = {1997},
    author = {Neal, Radford M},
    number = {9702},
    pages = {1--24},
    arxivId = {arXiv:physics/9701026v2},
    archivePrefix = {arXiv},
    eprint = {9701026v2},
    primaryClass = {physics}
}

@inproceedings{Kersting2007MostRegression,
    title = {{Most likely heteroscedastic Gaussian process regression}},
    year = {2007},
    booktitle = {Proceedings of the 24th international conference on Machine learning},
    author = {Kersting, Kristian and Plagemann, Christian and Pfaff, Patrick and Burgard, W.},
    pages = {400},
    publisher = {ACM},
    url = {http://portal.acm.org/citation.cfm?id=1273496.1273546}
}

@article{See2004Multi-AttributeInequivalents,
    title = {{Multi-Attribute Decision Making Using Hypothetical Equivalents and Inequivalents}},
    year = {2004},
    journal = {Journal of Mechanical Design},
    author = {See, Tung-King and Gurnani, Ashwin and Lewis, Kemper},
    number = {6},
    pages = {950},
    volume = {126},
    url = {http://link.aip.org/link/JMDEDB/v126/i6/p950/s1&Agg=doi},
    doi = {10.1115/1.1814389},
    issn = {10500472}
}

@article{Forrester2007Multi-fidelityModelling,
    title = {{Multi-fidelity optimization via surrogate modelling}},
    year = {2007},
    journal = {Proceedings of the Royal Society A: Mathematical, Physical and Engineering Sciences},
    author = {Forrester, Alexander I.J. and S{\'{o}}bester, András and Keane, Andy J.},
    number = {2088},
    month = {12},
    pages = {3251--3269},
    volume = {463},
    url = {http://rspa.royalsocietypublishing.org/cgi/doi/10.1098/rspa.2007.1900},
    doi = {10.1098/rspa.2007.1900},
    issn = {1364-5021},
    keywords = {co-kriging, kriging, noise, subset selection, wing design}
}

@article{Forrester2007Multi-fidelityModellingb,
    title = {{Multi-fidelity optimization via surrogate modelling}},
    year = {2007},
    journal = {Proceedings of the Royal Society A: Mathematical, Physical and Engineering Sciences},
    author = {Forrester, Alexander I.J. and S{\'{o}}bester, András and Keane, Andy J.},
    number = {2088},
    month = {12},
    pages = {3251--3269},
    volume = {463},
    url = {http://rspa.royalsocietypublishing.org/cgi/doi/10.1098/rspa.2007.1900},
    doi = {10.1098/rspa.2007.1900},
    issn = {1364-5021},
    keywords = {co-kriging, kriging, noise, subset selection, wing design}
}

@article{MakowskiMulti-objectiveSensitivity,
    title = {{Multi-objective Decision Support Including Sensitivity}},
    author = {Makowski, Marek},
    pages = {1--24},
    keywords = {Pareto-optimality, air quality, criterion functions, decision making, decision support systems, efficient solutions, linear programming, mathematical modeling, model analysis, model generation, multiple-criterion optimization, natural environment, nonlinear programming, optimization, robustness, sensitivity analysis, simu- lation, water qual- ity.}
}

@article{Obayashi2006MULTI-OBJECTIVEOPTIMIZATION,
    title = {{MULTI-OBJECTIVE DESIGN EXPLORATION USING EFFICIENT GLOBAL OPTIMIZATION}},
    year = {2006},
    journal = {Fluid Dynamics},
    author = {Obayashi, Shigeru},
    keywords = {abstract, and its application are, and visualizes, computation, data mining, evolutionary, from the trade-off information, kriging model, mdo, mode, mode reveals the structure, multi-objective design exploration, multi-objective optimization, of the design space, presented, rsm, self-organizing map}
}

@article{Multi-ObjectiveINDIA,
    title = {{Multi-Objective Evolutionary Algorithms Kalyanmoy Deb a Kanpur Genetic Algorithm Laboratory ( KanGAL ) Indian Institute of Technology Kanpur Kanpur , Pin 208016 INDIA}},
    journal = {Technology}
}

@article{Clark2008Multi-objectiveSelection,
    title = {{Multi-objective optimisation of relevance vector machines : selecting sparse features for face verification ICML / UAI / COLT 2008 Workshop on Sparse Optimisation and Variable Selection}},
    year = {2008},
    journal = {Machine Learning},
    author = {Clark, Andrew and Everson, Richard},
    keywords = {evolutionary, face verification, multi objective optimisation, relevance vector machine, sparse models}
}

@article{CoelloCoello2006Multi-ObjectiveState-of-the-Art,
    title = {{Multi-Objective Particle Swarm Optimizers: A Survey of the State-of-the-Art}},
    year = {2006},
    journal = {International Journal of Computational Intelligence Research},
    author = {Coello Coello, Carlos a. and Reyes-Sierra, Margarita},
    number = {3},
    pages = {287--308},
    volume = {2},
    url = {http://www.ijcir.com/publishedPapers.php?showDetails=Y&idArticle=68&volume=1&number=1&volume_id=2&number_id=4},
    doi = {10.5019/j.ijcir.2006.68},
    issn = {09741259}
}

@article{Eddy2002MultidimensionalOptimization,
    title = {{Multidimensional design visualization in multiobjective optimization}},
    year = {2002},
    journal = {Multidisciplinary Analysis and Optimization},
    author = {Eddy, J and Lewis, K},
    url = {http://does.eng.buffalo.edu/DOES_Publications/2002/AIAA-2002-5621.pdf}
}

@article{Gorissen2009Multiobjective-,
    title = {{Multiobjective global surrogate modeling,dealing with the 5-percent problem -}},
    year = {2009},
    journal = {in press. Engineering with Computers},
    author = {Gorissen, D and Couckuyt, I and Laermans, E and Dhaene, T},
    number = {5},
    pages = {485--494},
    volume = {18}
}

@article{KnowlesMultiobjectiveEvaluations,
    title = {{Multiobjective Optimization on a Budget of 250 Evaluations}},
    journal = {Search},
    author = {Knowles, Joshua and Hughes, Evan J},
    keywords = {bin msops, dace, expensive black-box functions, landscape approximation, multiobjective optimization, parego, response surfaces, test suites}
}

@article{VoutchkovMultiobjectiveSurrogates,
    title = {{Multiobjective optimization using surrogates}},
    journal = {Engineering Sciences},
    author = {Voutchkov, Ivan and Keane, A J}
}

@article{Wallenius2008MultipleAhead,
    title = {{Multiple Criteria Decision Making, Multiattribute Utility Theory: Recent Accomplishments and What Lies Ahead}},
    year = {2008},
    journal = {Management Science},
    author = {Wallenius, J. and Dyer, J. S. and Fishburn, P. C. and Steuer, R. E. and Zionts, S. and Deb, K.},
    number = {7},
    month = {7},
    pages = {1336--1349},
    volume = {54},
    url = {http://mansci.journal.informs.org/cgi/doi/10.1287/mnsc.1070.0838},
    doi = {10.1287/mnsc.1070.0838},
    issn = {0025-1909},
    keywords = {2 revisions, 2007, 2008, accepted by david e, authors 2 months for, bell, decision analysis, decision making, history, in advance may 19, multiattribute, multiple criteria, published online in articles, received february 19, the, this paper was with}
}

@article{Krause2007Near-OptimalStudies,
    title = {{Near-Optimal Sensor Placements in Gaussian Processes : Theory , Efficient Algorithms and Empirical Studies Near-Optimal Sensor Placements in Gaussian Processes : Theory , Efficient Algorithms and Empirical Studies}},
    year = {2007},
    author = {Krause, Andreas and Singh, Ajit and Guestrin, Carlos}
}

@article{Skilling2006NestedComputation,
    title = {{Nested Sampling for General Bayesian Computation}},
    year = {2006},
    journal = {Bayesian Analysis},
    author = {Skilling, John},
    number = {4},
    pages = {833--860},
    volume = {1},
    url = {http://ba.stat.cmu.edu/journal/2006/vol01/issue04/skilling.pdf},
    doi = {10.1214/06-BA127},
    issn = {1931-6690},
    keywords = {algorithm, annealing, bayesian computation, evidence, marginal likelihood, model selection, nest, phase change}
}

@article{Busemeyer2017NeuralCognition,
    title = {{Neural implementation of operations used in quantum cognition}},
    year = {2017},
    journal = {Progress in Biophysics and Molecular Biology},
    author = {Busemeyer, Jerome R. and Fakhari, Pegah and Kvam, Peter},
    pages = {53--60},
    volume = {130},
    publisher = {Elsevier Ltd},
    url = {https://doi.org/10.1016/j.pbiomolbio.2017.04.007},
    doi = {10.1016/j.pbiomolbio.2017.04.007},
    issn = {00796107},
    pmid = {28487218}
}

@article{Busemeyer2017NeuralCognitionb,
    title = {{Neural implementation of operations used in quantum cognition}},
    year = {2017},
    journal = {Progress in Biophysics and Molecular Biology},
    author = {Busemeyer, Jerome R. and Fakhari, Pegah and Kvam, Peter},
    number = {03},
    month = {11},
    pages = {53--60},
    volume = {130},
    url = {http://www.journals.cambridge.org/abstract_S0140525X12001525 http://linkinghub.elsevier.com/retrieve/pii/S0079610717300184},
    isbn = {0033-295X},
    doi = {10.1016/j.pbiomolbio.2017.04.007},
    issn = {00796107},
    pmid = {21480739},
    arxivId = {arXiv:1011.1669v3},
    keywords = {Conjunction fallacy, Disjunction fallacy, Inference, Order effects, Quantum theory}
}

@article{Cohn1996NeuralDesign.,
    title = {{Neural Network Exploration Using Optimal Experiment Design.}},
    year = {1996},
    journal = {Neural networks : the official journal of the International Neural Network Society},
    author = {Cohn, David a.},
    number = {6},
    month = {8},
    pages = {1071--1083},
    volume = {9},
    url = {http://www.ncbi.nlm.nih.gov/pubmed/12662584},
    issn = {1879-2782},
    pmid = {12662584}
}

@article{Jacobs2015NewLogic,
    title = {{New Directions in Categorical Logic, for Classical, Probabilistic and Quantum Logic}},
    year = {2015},
    journal = {Logical Methods in Computer Science},
    author = {Jacobs, Bart},
    editor = {Panangaden, Prakash},
    number = {3},
    month = {10},
    pages = {1--14},
    volume = {11},
    url = {http://arxiv.org/abs/0706.0502 http://dx.doi.org/10.2168/LMCS-3(3:2)2007 https://lmcs.episciences.org/1600},
    doi = {10.2168/LMCS-11(3:24)2015},
    issn = {18605974}
}

@article{NoTitle,
    title = {{No Title}},
    pages = {1--20}
}

@article{NoTitleb,
    title = {{No Title}},
    pages = {1--21}
}

@article{Paciorek2003NONSTATIONARYMODELLING,
    title = {{NONSTATIONARY GAUSSIAN PROCESSES FOR REGRESSION AND SPATIAL MODELLING}},
    year = {2003},
    author = {Paciorek, Christopher Joseph},
    number = {May}
}

@article{Stein2005NonstationaryFunctions,
    title = {{Nonstationary Spatial Covariance Functions}},
    year = {2005},
    journal = {Processing},
    author = {Stein, Michael L},
    number = {January}
}

@article{Shlens2007NotesTheory,
    title = {{Notes on Kullback-Leibler Divergence and Likelihood Theory}},
    year = {2007},
    journal = {Neurobiology},
    author = {Shlens, Jonathon},
    pages = {1--4},
    volume = {92037}
}

@article{Moggi1991NotionsMonads,
    title = {{Notions of computation and monads}},
    year = {1991},
    journal = {Information and Computation},
    author = {Moggi, Eugenio},
    number = {1},
    month = {7},
    pages = {55--92},
    volume = {93},
    url = {http://linkinghub.elsevier.com/retrieve/pii/0890540191900524},
    doi = {10.1016/0890-5401(91)90052-4},
    issn = {08905401}
}

@book{Sun1996NumericalGuide,
    title = {{Numerical Computation Guide}},
    year = {1996},
    author = {{Sun}},
    number = {December}
}

@article{Brockhoff2009ObjectiveApplications,
    title = {{Objective reduction in evolutionary multiobjective optimization: Theory and applications}},
    year = {2009},
    journal = {Evolutionary Computation},
    author = {Brockhoff, D. and Zitzler, E.},
    number = {2},
    pages = {135–166},
    volume = {17},
    publisher = {MIT Press},
    url = {http://www.mitpressjournals.org/doi/abs/10.1162/evco.2009.17.2.135}
}

@article{Jacobs1996ObjectsEds,
    title = {{Objects and Classes, co-algebraically, Object-Orientation with Parallelism and Book Persistence, B. Freitag et al. eds}},
    year = {1996},
    author = {Jacobs, Bart},
    pages = {1--20},
    url = {http://scholar.google.com/scholar?hl=en&btnG=Search&q=intitle:Objects+and+classes,+co-algebraically#0}
}

@article{Brockhoff2007OfflineConflicts,
    title = {{Offline and Online Objective Reduction in Evolutionary Multiobjective Optimization Based on Objective Conflicts}},
    year = {2007},
    author = {Brockhoff, Dimo and Zitzler, Eckart}
}

@article{BrockhoffOnOptimization,
    title = {{On Handling a Large Number of Objectives A Posteriori and During Optimization}},
    author = {Brockhoff, Dimo and Saxena, Dhish Kumar and Deb, Kalyanmoy and Zitzler, Eckart}
}

@article{Ryzhov2016OnMethods,
    title = {{On the Convergence Rates of Expected Improvement Methods}},
    year = {2016},
    journal = {Operations Research},
    author = {Ryzhov, Ilya O.},
    number = {May},
    pages = {opre.2016.1494},
    url = {http://pubsonline.informs.org/doi/10.1287/opre.2016.1494},
    doi = {10.1287/opre.2016.1494},
    issn = {0030-364X},
    keywords = {accepted march 2016, analysis of algorithms, area of review, december 2015, decision analysis, design of experiments, expected improvement, history, optimal computing budget allocation, optimal learning, published, ranking and selection, received november 2014, revisions received september 2015, sequential, simulation, stochastic models, subject classifications}
}

@article{Sobester2005OnModels,
    title = {{On the Design of Optimization Strategies Based on Global Response Surface Approximation Models}},
    year = {2005},
    journal = {Journal of Global Optimization},
    author = {S{\'{o}}bester, András and Leary, Stephen J. and Keane, Andy J.},
    number = {1},
    month = {9},
    pages = {31--59},
    volume = {33},
    url = {http://www.springerlink.com/index/10.1007/s10898-004-6733-1},
    doi = {10.1007/s10898-004-6733-1},
    issn = {0925-5001},
    keywords = {expected improvement, gaussian kernels, radial basis functions}
}

@article{Forrester2006OptimizationData,
    title = {{Optimization with missing data}},
    year = {2006},
    journal = {Proceedings of the Royal Society A: Mathematical, Physical and Engineering Sciences},
    author = {Forrester, Alexander I.J. and S{\'{o}}bester, András and Keane, Andy J.},
    number = {2067},
    month = {3},
    pages = {935--945},
    volume = {462},
    url = {http://rspa.royalsocietypublishing.org/cgi/doi/10.1098/rspa.2005.1608},
    doi = {10.1098/rspa.2005.1608},
    issn = {1364-5021},
    keywords = {global optimization, imputation, kriging}
}

@article{Gramacy2004ParameterTrees,
    title = {{Parameter space exploration with Gaussian process trees}},
    year = {2004},
    journal = {Twenty-first international conference on Machine learning - ICML '04},
    author = {Gramacy, Robert B. and Lee, Herbert K. H. and Macready, William G.},
    pages = {45},
    publisher = {ACM Press},
    url = {http://portal.acm.org/citation.cfm?doid=1015330.1015367},
    address = {New York, New York, USA},
    isbn = {1581138285},
    doi = {10.1145/1015330.1015367}
}

@article{Gelman2004ParameterizationModeling,
    title = {{Parameterization and Bayesian Modeling}},
    year = {2004},
    journal = {Journal of the American Statistical Association},
    author = {Gelman, Andrew},
    number = {466},
    pages = {537--545},
    volume = {99},
    isbn = {1537-274X},
    doi = {10.1198/016214504000000458},
    issn = {0162-1459},
    keywords = {censored data, data augmentation, gibbs sampler, hierarchical model, missing-data imputation, parameter expansion, prior distribution, truncated data}
}

@article{Knowles2006ParEGO:Problems,
    title = {{ParEGO: a hybrid algorithm with on-line landscape approximation for expensive multiobjective optimization problems}},
    year = {2006},
    journal = {IEEE Transactions on Evolutionary Computation},
    author = {Knowles, J.},
    number = {1},
    month = {2},
    pages = {50--66},
    volume = {10},
    url = {http://ieeexplore.ieee.org/lpdocs/epic03/wrapper.htm?arnumber=1583627},
    doi = {10.1109/TEVC.2005.851274},
    issn = {1089-778X},
    keywords = {dace, ego, expensive black-box, functions, kriging, landscape approximation, metamodels, multiobjective optimization, nsga-ii, pareto optima, performance assessment, response surfaces, suites, test}
}

@article{Gorissen2009Pareto-BasedSelection,
    title = {{Pareto-Based Multi-output Model Type Selection}},
    year = {2009},
    author = {Gorissen, Dirk and Couckuyt, Ivo and Crombecq, Karel and Dhaene, Tom},
    pages = {442--449}
}

@article{JinPareto-basedStudies,
    title = {{Pareto-based multiobjective machine learning: An overview and case studies}},
    journal = {Systems, Man, and Cybernetics, Part C: Applications and Reviews, IEEE Transactions},
    author = {Jin, Yaochu and Sendhoff, B},
    number = {3},
    pages = {397--415},
    volume = {on38}
}

@article{Problems2008PartialEquations,
    title = {{Partial Differential Equations}},
    year = {2008},
    journal = {Differential Equations},
    author = {Problems, Model},
    number = {x},
    volume = {0}
}

@article{Howard2005PartialDimension,
    title = {{Partial Differential Equations in MATLAB 7 . 0 PDE in One Space Dimension}},
    year = {2005},
    journal = {Differential Equations},
    author = {Howard, P},
    pages = {1--23},
    volume = {1}
}

@misc{Im2010PDFDrosophila.,
    title = {{PDF receptor expression reveals direct interactions between circadian oscillators in drosophila.}},
    year = {2010},
    booktitle = {The Journal of comparative neurology},
    author = {Im, Seol Hee and Taghert, Paul H},
    number = {11},
    month = {6},
    pages = {1925--45},
    volume = {518},
    url = {http://www.ncbi.nlm.nih.gov/pubmed/20394051},
    doi = {10.1002/cne.22311},
    issn = {1096-9861},
    pmid = {20394051}
}

@article{Couder1992PhyllotaxisProcess,
    title = {{Phyllotaxis as a physical self-organized growth process}},
    year = {1992},
    author = {Couder, S. Douady and Y.},
    number = {13},
    volume = {68}
}

@article{CoeckePicturingInference,
    title = {{Picturing classical and quantum Bayesian inference}},
    author = {Coecke, Bob and Spekkens, Robert W},
    arxivId = {arXiv:1102.2368v1}
}

@article{Vehtari2016PracticalWAIC,
    title = {{Practical Bayesian model evaluation using leave-one-out cross-validation and WAIC}},
    year = {2016},
    journal = {Statistics and Computing},
    author = {Vehtari, Aki and Gelman, Andrew and Gabry, Jonah},
    number = {September},
    pages = {1--20},
    doi = {10.1007/s11222-016-9696-4},
    issn = {15731375},
    arxivId = {arXiv:1507.04544v4},
    keywords = {Bayesian computation, K-fold cross-validation, Leave-one-out cross-validation (LOO), Pareto smoothed importance sampling (PSIS), Stan, Widely applicable information criterion (WAIC)}
}

@article{ScibiorPracticalMonads,
    title = {{Practical Probabilistic Programming with Monads}},
    author = {Scibior, Ada and Ghahramani, Zoubin and Gordon, Andrew D},
    url = {https://www.repository.cam.ac.uk/bitstream/handle/1810/249132/Scibior%20et%20al%202015%20Haskell%20Symposium%202015.pdf;sequence=1},
    keywords = {Bayesian statis-tics, Monte Carlo, monads, probabilistic programming}
}

@article{Kennedy2000PredictingAvailable,
    title = {{Predicting the output from a complex computer code when fast approximations are available}},
    year = {2000},
    journal = {Biometrika},
    author = {Kennedy, MC and O{\&}{\#}39;Hagan, A},
    url = {http://biomet.oxfordjournals.org/cgi/content/abstract/87/1/1}
}

@misc{M.C.KennedyA.OHaganPredictingAvailable,
    title = {{Predicting the Output from a Complex Computer Code When Fast Approximations Are Available}},
    author = {{M.C.Kennedy;A.O'Hagan}}
}

@article{Jordan1998PredictionBeyond,
    title = {{Prediction with gaussian processes: from linear regression to linear prediction and beyond}},
    year = {1998},
    journal = {Group},
    author = {Jordan, Michael I and Williams, C K I}
}

@article{Kulok2005PreferenceMaking,
    title = {{Preference Consistency in Multiattribute Decision Making}},
    year = {2005},
    journal = {ASME Design Engineering Technical Conferences, Long Beach, CA, ASME Paper No. DETC2005-84764},
    author = {Kulok, M. and Lewis, K.},
    url = {http://does.eng.buffalo.edu/DOES_Publications/2005/DETC2005-84764.pdf}
}

@article{ErwigProbabilisticHaskell,
    title = {{Probabilistic Functional Programming in Haskell}},
    author = {Erwig, Martin and Kollmansberger, Steve}
}

@article{Lawrence2005ProbabilisticModels,
    title = {{Probabilistic Non-linear Principal Component Analysis with Gaussian Process Latent Variable Models}},
    year = {2005},
    journal = {Journal of Machine Learning Research},
    author = {Lawrence, Neil},
    pages = {1783--1816},
    volume = {6},
    keywords = {gaussian processes, latent variable models, methods, principal component analysis, spectral, unsupervised learning, visualisation}
}

@article{Hawe2008ProbabilityOptimization,
    title = {{Probability of improvement methods for constrained multi-objective optimization}},
    year = {2008},
    journal = {2008 IET 7th International Conference},
    author = {Hawe, GI and Sykulski, JK},
    number = {0},
    pages = {0--1},
    volume = {44},
    url = {http://ieeexplore.ieee.org/xpls/abs_all.jsp?arnumber=4563369},
    keywords = {constrained multi-objective optimization}
}

@article{Ryzhov2015ProceedingsEds.,
    title = {{Proceedings of the 2015 Winter Simulation Conference L. Yilmaz, W. K. V. Chan, I. Moon, T. M. K. Roeder, C. Macal, and M. D. Rossetti, eds.}},
    year = {2015},
    author = {Ryzhov, Ilya O and Smith, Robert H},
    isbn = {9781467397438}
}

@article{Bressler2006ProductionTraits,
    title = {{Production and appreciation of humor as sexually selected traits}},
    year = {2006},
    journal = {Evolution and Human Behavior},
    author = {Bressler, Eric R. and Martin, Rod A. and Balshine, Sigal},
    number = {2},
    pages = {121--130},
    volume = {27},
    isbn = {1090-5138},
    doi = {10.1016/j.evolhumbehav.2005.09.001},
    issn = {10905138},
    keywords = {Humor appreciation, Humor production, Mate choice, Sex differences, Sexual selection}
}

@article{Kingdom2015ProgramMeta-programming,
    title = {{Program logics for homogeneous generative run-time meta-programming}},
    year = {2015},
    author = {Kingdom, United and Team, Software Development and Kingdom, United},
    number = {October},
    pages = {1--50},
    volume = {11},
    doi = {10.2168/LMCS-11)},
    issn = {18605974},
    arxivId = {1505.06862},
    keywords = {algebraic techniques in automata, and phrases, probabilistic automata, value 1 problem}
}

@article{Brady2013ProgrammingTypes,
    title = {{Programming and reasoning with algebraic effects and dependent types}},
    year = {2013},
    journal = {ACM SIGPLAN Notices},
    author = {Brady, Edwin},
    number = {9},
    pages = {133--144},
    volume = {48},
    url = {http://dl.acm.org/citation.cfm?doid=2544174.2500581},
    isbn = {9781450323260},
    doi = {10.1145/2544174.2500581},
    issn = {03621340},
    keywords = {algebraic effects, and hence be built, dependent types, difficulties, however, i, monad using the statet, o, the order in which, this can create, transformed into a state, transformer, transformers are applied matters, with an io monad}
}

@article{Bauer2012ProgrammingHandlers,
    title = {{Programming with Algebraic Effects and Handlers}},
    year = {2012},
    author = {Bauer, Andrej and Pretnar, Matija},
    url = {https://arxiv.org/pdf/1203.1539.pdf},
    arxivId = {arXiv:1203.1539v1},
    keywords = {()}
}

@article{Audebaud2009ProofsCoq,
    title = {{Proofs of randomized algorithms in Coq}},
    year = {2009},
    journal = {Science of Computer Programming},
    author = {Audebaud, Philippe and Paulin-Mohring, Christine},
    number = {8},
    pages = {568--589},
    volume = {74},
    publisher = {Elsevier B.V.},
    url = {http://dx.doi.org/10.1016/j.scico.2007.09.002},
    isbn = {3540356312},
    doi = {10.1016/j.scico.2007.09.002},
    issn = {01676423},
    keywords = {Axiomatic semantics, Call-by-value, Functional language, Monadic interpretation, Probability framing, Proof of partial and total correctness, Randomized algorithms}
}

@article{E2003PublicConsensus,
    title = {{Public Consensus}},
    year = {2003},
    author = {{\'{E}}, Ýœv Ìœn}
}

@article{Paykin2017QCircuits,
    title = {{Q WIRE : A Core Language for Quantum Circuits}},
    year = {2017},
    author = {Paykin, Jennifer},
    pages = {846--858},
    isbn = {9781450346603},
    keywords = {a circuit is just, a sequence of instructions, although circuits manipulate quantum, classical data, data, denotational semantics, describ-, linear types, quantum circuits, quantum programming languages, they themselves are}
}

@article{Yearsley2016QuantumTutorial,
    title = {{Quantum cognition and decision theories: A tutorial}},
    year = {2016},
    journal = {Journal of Mathematical Psychology},
    author = {Yearsley, James M. and Busemeyer, Jerome R.},
    pages = {99--116},
    volume = {74},
    publisher = {Elsevier Inc.},
    url = {http://dx.doi.org/10.1016/j.jmp.2015.11.005},
    doi = {10.1016/j.jmp.2015.11.005},
    issn = {10960880},
    keywords = {Order effects, Quantum theory, Similarity}
}

@article{Jacobs2017QuantumCognition,
    title = {{Quantum effect logic in cognition}},
    year = {2017},
    journal = {Journal of Mathematical Psychology},
    author = {Jacobs, Bart},
    pages = {1--10},
    volume = {81},
    publisher = {Elsevier Inc.},
    url = {http://dx.doi.org/10.1016/j.jmp.2017.08.004},
    doi = {10.1016/j.jmp.2017.08.004},
    issn = {10960880}
}

@book{Busemeyer2005QuantumDecision,
    title = {{Quantum Models of Cognition and Decision}},
    year = {2005},
    author = {Busemeyer, Jerome R. and Bruza, Peter D},
    url = {http://bacon.umcs.lublin.pl/~lukasik/wp-content/uploads/2010/12/CU.Quantum.Models.of_.Cognition.and_.Decision.110701199X.pdf},
    isbn = {9781107011991}
}

@article{Boyer-Kassem2016Quantum-likeFallacy,
    title = {{Quantum-like models cannot account for the conjunction fallacy}},
    year = {2016},
    journal = {Theory and Decision},
    author = {Boyer-Kassem, Thomas and Duch{\^{e}}ne, Sébastien and Guerci, Eric},
    number = {4},
    pages = {479--510},
    volume = {81},
    publisher = {Springer US},
    doi = {10.1007/s11238-016-9549-9},
    issn = {15737187},
    keywords = {Conjunction fallacy, Empirical adequacy, Experimental economics, Quantum-like model}
}

@article{Forrester2009RecentOptimization,
    title = {{Recent advances in surrogate-based optimization}},
    year = {2009},
    journal = {Progress in Aerospace Sciences},
    author = {Forrester, A and Keane, A},
    number = {1-3},
    month = {1},
    pages = {50--79},
    volume = {45},
    url = {http://linkinghub.elsevier.com/retrieve/pii/S0376042108000766},
    doi = {10.1016/j.paerosci.2008.11.001},
    issn = {03760421}
}

@article{Neal1998RegressionPriors,
    title = {{Regression and Classification Using Gaussian Process Priors}},
    year = {1998},
    journal = {Statistics},
    author = {Neal, Radford M},
    keywords = {are a fruitful way, gaussian processes, i hope to persuade, in this paper, in which the regression, markov chain monte carlo, nonparametric models, of defining, or, prior distributions for flexible, regression and classification models, you that gaussian processes}
}

@article{Neal1998RegressionPriorsb,
    title = {{Regression and Classification Using Gaussian Process Priors}},
    year = {1998},
    journal = {Statistics},
    author = {Neal, Radford M},
    keywords = {are a fruitful way, gaussian processes, i hope to persuade, in this paper, in which the regression, markov chain monte carlo, nonparametric models, of defining, or, prior distributions for flexible, regression and classification models, you that gaussian processes}
}

@article{Williams1997RegressionProcesses,
    title = {{Regression with Gaussian processes}},
    year = {1997},
    journal = {Mathematics of Neural Networks: Models, Algorithms and Applications},
    author = {Williams, C.K.I.},
    number = {July 1995},
    pages = {1--5},
    url = {http://books.google.com/books?hl=en&amp;lr=&amp;id=eABJXICCvn4C&amp;oi=fnd&amp;pg=PA378&amp;dq=Regression+with+Gaussian+Processes&amp;ots=ZMzdja_RuI&amp;sig=YtOdWn88fMKhbkgEw4C8RR83wgU}
}

@article{Goldberg1998RegressionTreatment,
    title = {{Regression with Input-dependent Noise : A Gaussian Process Treatment}},
    year = {1998},
    journal = {Group},
    author = {Goldberg, Paul W and Williams, Christopher K I and Bishop, Christopher M}
}

@article{Bubeck2012RegretProblems,
    title = {{Regret Analysis of Stochastic and Nonstochastic Multi-armed Bandit Problems}},
    year = {2012},
    journal = {arXiv.org},
    author = {Bubeck, Sébastien and Cesa-Bianchi, Nicolò},
    pages = {138},
    volume = {cs.LG},
    url = {http://arxiv.org/abs/1204.5721v2%5Cnpapers3://publication/uuid/FD8C90A4-1651-4BB5-9123-D84384F10271},
    isbn = {9781601986269},
    doi = {10.1561/2200000024},
    issn = {9781601986269},
    arxivId = {1204.5721},
    keywords = {()}
}

@article{Laniewski-wollk2009RelativeOptimization,
    title = {{Relative Expected Improvement in Kriging Based Optimization}},
    year = {2009},
    author = {Laniewski-wollk, Lukasz},
    pages = {1--9},
    arxivId = {arXiv:0908.3321v1}
}

@article{McElreath2016Rethinking:Models,
    title = {{rethinking: an R Package for Fitting and Manipulating Bayesian Models}},
    year = {2016},
    author = {McElreath, Richard},
    number = {1},
    pages = {1--26}
}

@article{Wang2007ReviewOptimization,
    title = {{Review of metamodeling techniques in support of engineering design optimization}},
    year = {2007},
    journal = {Journal of Mechanical Design},
    author = {Wang, G.G. and Shan, S},
    number = {4},
    pages = {370},
    volume = {129},
    url = {http://link.aip.org/link/?JMDEDB/129/370/1}
}

@article{A1992ReviewOptimization,
    title = {{review of statistical models for global optimization}},
    year = {1992},
    journal = {J. Global Optim},
    author = {A, A Zilinskas.},
    pages = {145--153},
    volume = {2}
}

@article{Zhang2008RM-MEDA:Algorithm,
    title = {{RM-MEDA: A Regularity Model-Based Multiobjective Estimation of Distribution Algorithm}},
    year = {2008},
    journal = {IEEE Transactions on Evolutionary Computation},
    author = {Zhang, Qingfu and Zhou, Aimin and Jin, Yaochu},
    number = {1},
    pages = {41--63},
    volume = {12},
    url = {http://ieeexplore.ieee.org/lpdocs/epic03/wrapper.htm?arnumber=4358761},
    doi = {10.1109/TEVC.2007.894202},
    issn = {1089-778X}
}

@misc{Lin2000ROBUSTFORMULATIONS,
    title = {{ROBUST CONCEPT EXPLORATION IN ENGINEERING DESIGN: METAMODELING TECHNIQUES AND GOAL FORMULATIONS}},
    year = {2000},
    author = {Lin, Yao}
}

@misc{AKumarAJKeanePBNair2006RobustErosion,
    title = {{Robust design of compressor fan blades against erosion}},
    year = {2006},
    author = {A Kumar, AJ Keane, PB Nair, S Shahpa}
}

@article{AKumarPBNair2008RobustCarlo,
    title = {{Robust design using bayesian monte carlo}},
    year = {2008},
    author = {A Kumar, PB Nair, AJ Keane}
}

@misc{Hans-GeorgBeyer2007RobustSurvey,
    title = {{Robust Optimization – A Comprehensive Survey}},
    year = {2007},
    author = {Hans-Georg Beyer, Bernhard Sendhoff}
}

@article{Hawe2008ScalarizingKriging,
    title = {{Scalarizing cost-effective multi-objective optimization algorithms made possible with kriging}},
    year = {2008},
    journal = {COMPEL: The International Journal for Computation and Mathematics in Electrical and Electronic Engineering},
    author = {Hawe, Glenn and Sykulski, Jan},
    number = {4},
    pages = {836--844},
    volume = {27},
    url = {http://www.emeraldinsight.com/10.1108/03321640810878243},
    doi = {10.1108/03321640810878243},
    issn = {0332-1649},
    keywords = {compel, for computation and mathematics, in, optimization techniques, paper type research paper, programming and algorithm theory, the international journal}
}

@article{Zhu2008Semi-SupervisedContents,
    title = {{Semi-Supervised Learning Literature Survey Contents}},
    year = {2008},
    journal = {Sciences-New York},
    author = {Zhu, Xiaojin}
}

@inproceedings{Teh2005SemiparametricModels,
    title = {{Semiparametric latent factor models}},
    year = {2005},
    booktitle = {Workshop on Artificial Intelligence and Statistics},
    author = {Teh, Y.W. and Seeger, Matthias and Jordan, M.I.},
    volume = {10},
    publisher = {Citeseer},
    url = {http://citeseerx.ist.psu.edu/viewdoc/download?doi=10.1.1.126.254&amp;rep=rep1&amp;type=pdf}
}

@article{Garnett2009SequentialChangepoints,
    title = {{Sequential Bayesian prediction in the presence of changepoints}},
    year = {2009},
    journal = {Proceedings of the 26th Annual International Conference on Machine Learning - ICML '09},
    author = {Garnett, Roman and Osborne, Michael A. and Roberts, Stephen J.},
    pages = {1--8},
    publisher = {ACM Press},
    url = {http://portal.acm.org/citation.cfm?doid=1553374.1553418},
    address = {New York, New York, USA},
    isbn = {9781605585161},
    doi = {10.1145/1553374.1553418},
    keywords = {bayesian methods, changepoint detection, gaussian processes, time-series prediction}
}

@article{Williams2000SequentialFunctions,
    title = {{Sequential design of computer experiments to minimize integrated response functions}},
    year = {2000},
    journal = {Statist. Sinica},
    author = {Williams, B J and Santner, T J and Notz, W I},
    pages = {1133--1152},
    volume = {10}
}

@article{Huang2006SequentialEvaluations,
    title = {{Sequential kriging optimization using multiple-fidelity evaluations}},
    year = {2006},
    journal = {Structural and Multidisciplinary Optimization},
    author = {Huang, D. and Allen, T.T. and Notz, W.I. and Miller, R.A.},
    number = {5},
    pages = {369–382},
    volume = {32},
    publisher = {Springer},
    url = {http://www.springerlink.com/index/74033V6312L5R49L.pdf},
    keywords = {5038 reed road, {\_}{\_}{\_}{\_}{\_}{\_}{\_}{\_}{\_}{\_}{\_}{\_}{\_}{\_}{\_}{\_}{\_}{\_}{\_}{\_}{\_}{\_}{\_}{\_}{\_}{\_}{\_}{\_}{\_}{\_}{\_}{\_}{\_}{\_}{\_}{\_}{\_}{\_}{\_}{\_}{\_}{\_}{\_}{\_}{\_}{\_}{\_}{\_}{\_}{\_}, columbus, computer experiments, d, efficient global optimization, huang, kriging, multiple fidelity, ohio, scientific forming technologies corporation, surrogate systems}
}

@article{Janusevskis2010SimultaneousPropagation,
    title = {{Simultaneous kriging-based sampling for optimization and uncertainty propagation}},
    year = {2010},
    journal = {Quadrature},
    author = {Janusevskis, Janis and Riche, Rodolphe Le},
    number = {2},
    pages = {1--26},
    keywords = {EGO, Efficient Global Optimization, Expected improvement, Gaussian process, Kriging, Optimization under uncertainty, Robust optimization, Uncertainty Propagation}
}

@article{Emmerich2006Single-Metamodels,
    title = {{Single- and multiobjective evolutionary optimization assisted by Gaussian random field metamodels}},
    year = {2006},
    journal = {IEEE Transactions on Evolutionary Computation},
    author = {Emmerich, M.T.M. and Giannakoglou, K.C. and Naujoks, B.},
    number = {4},
    month = {8},
    pages = {421--439},
    volume = {10},
    url = {http://ieeexplore.ieee.org/lpdocs/epic03/wrapper.htm?arnumber=1665031},
    doi = {10.1109/TEVC.2005.859463},
    issn = {1089-778X}
}

@article{Bishop1969SolutionsPRML,
    title = {{solutions to exercises of PRML}},
    year = {1969},
    journal = {Annals of Physics},
    author = {Bishop, Christopher M},
    pages = {258},
    volume = {54},
    url = {http://scholar.google.com/scholar?hl=en&btnG=Search&q=intitle:No+Title#0}
}

@article{GraepelSolvingEquations,
    title = {{Solving Noisy Linear Operator Equations by Gaussian Processes : Application to Ordinary and Partial Differential Equations}},
    author = {Graepel, Thore},
    keywords = {American Association for Artificial Intelligence., Compilation copyright {\textcopyright}2003}
}

@article{OHagan1992SomeAnalysis,
    title = {{Some Bayesian Numerical Analysis}},
    year = {1992},
    journal = {Bayesian Statistics 4 (J. M. Bernardo, J. O. Berger, A. P. Dawid and A. F. M. Smith, eds.). Oxford: University Press, (with discussion},
    author = {{O’Hagan}},
    pages = {345–365}
}

@article{HigdonSpaceConvolutions,
    title = {{Space and space-time modeling using process convolutions}},
    journal = {Statistics},
    author = {Higdon, Dave}
}

@article{Shan2004SpaceApproach,
    title = {{Space exploration and global optimization for computationally intensive design problems: a rough set based approach}},
    year = {2004},
    journal = {Structural and Multidisciplinary Optimization},
    author = {Shan, S. and Wang, G.G.},
    number = {6},
    month = {8},
    pages = {427--441},
    volume = {28},
    url = {http://www.springerlink.com/index/10.1007/s00158-004-0448-2},
    doi = {10.1007/s00158-004-0448-2},
    issn = {1615-147X},
    keywords = {design optimization, global optimization, rough set, space exploration}
}

@article{Tipping2001SparseMachine,
    title = {{Sparse Bayesian Learning and the Relevance Vector Machine}},
    year = {2001},
    journal = {Journal of Machine Learning Research},
    author = {Tipping, M E},
    pages = {211--244},
    volume = {vol}
}

@article{TippingSparseMachine,
    title = {{Sparse Bayesian Learning and the Relevance Vector Machine}},
    journal = {Citeseer},
    author = {Tipping, Mike},
    url = {http://scholar.google.com/scholar?hl=en&btnG=Search&q=intitle:Ö×+Ø+Ý+Ö+ÖÔÓÖØ#1}
}

@article{AlvarezSparseRegression,
    title = {{Sparse Convolved Gaussian Processes for Multi-output Regression}},
    journal = {Learning},
    author = {Alvarez, Mauricio and Lawrence, Neil D}
}

@article{Paciorek2005SpatialFunctions,
    title = {{Spatial Modelling Using a New Class of Nonstationary Covariance Functions}},
    year = {2005},
    author = {Paciorek, Christopher J and Schervish, Mark J},
    number = {December},
    keywords = {gaussian process, kernel convolution, kriging, smoothing}
}

@article{Lawrence2011SpectralEntropy,
    title = {{Spectral Dimensionality Reduction via Maximum Entropy}},
    year = {2011},
    author = {Lawrence, Neil D},
    pages = {51--59},
    volume = {15}
}

@article{Triverio2007StabilityModels,
    title = {{Stability, Causality, and Passivity in Electrical Interconnect Models}},
    year = {2007},
    journal = {IEEE Transactions on Advanced Packaging},
    author = {Triverio, P. and Grivet-Talocia, S. and Nakhla, M.S. and Canavero, F.G. and Achar, R.},
    number = {4},
    month = {11},
    pages = {795--808},
    volume = {30},
    url = {http://ieeexplore.ieee.org/lpdocs/epic03/wrapper.htm?arnumber=4358038},
    doi = {10.1109/TADVP.2007.901567},
    issn = {1521-3323}
}

@article{Gelman2015Stan:Optimization,
    title = {{Stan: A Probabilistic Programming Language for Bayesian Inference and Optimization}},
    year = {2015},
    journal = {Journal of Educational and Behavioral Statistics},
    author = {Gelman, A. and Lee, D. and Guo, J.},
    number = {5},
    pages = {530--543},
    volume = {40},
    isbn = {1076998615},
    doi = {10.3102/1076998615606113},
    issn = {1076-9986},
    keywords = {bayesian inference, hierarchical models, probabilistic programming, statisti-}
}

@article{McElreath2016StatisticalStan,
    title = {{Statistical Rethinking: A Bayesian Course with Examples in R and Stan}},
    year = {2016},
    author = {McElreath, Richard},
    pages = {469},
    url = {https://books.google.com/books?hl=en&lr=&id=mDo0CwAAQBAJ&pgis=1},
    isbn = {1482253461},
    doi = {10.3102/1076998616659752},
    issn = {1076-9986},
    keywords = {Statistical Rethinking: A Bayesian Course with Exa}
}

@article{Bettonvil2009StatisticalOptimization,
    title = {{Statistical testing of optimality conditions in multiresponse simulation-based optimization}},
    year = {2009},
    journal = {European Journal of Operational Research},
    author = {Bettonvil, Bert and del Castillo, Enrique and Kleijnen, Jack P.C.},
    number = {2},
    month = {12},
    pages = {448--458},
    volume = {199},
    publisher = {Elsevier B.V.},
    url = {http://linkinghub.elsevier.com/retrieve/pii/S0377221708010321},
    doi = {10.1016/j.ejor.2008.11.050},
    issn = {03772217}
}

@article{Ramsey2002StochasticDistributions,
    title = {{Stochastic lambda calculus and monads of probability distributions}},
    year = {2002},
    journal = {ACM SIGPLAN Notices},
    author = {Ramsey, Norman and Pfeffer, Avi},
    number = {1},
    month = {1},
    pages = {154--165},
    volume = {37},
    url = {http://portal.acm.org/citation.cfm?doid=565816.503288},
    isbn = {1581134509},
    doi = {10.1145/565816.503288},
    issn = {03621340}
}

@article{Hsu2008StructureModel,
    title = {{Structure optimization in an off-lattice protein model}},
    year = {2008},
    author = {Hsu, Hsiao-ping and Mehra, Vishal and Grassberger, Peter},
    number = {4},
    pages = {1--4},
    arxivId = {arXiv:cond-mat/0302545v2},
    archivePrefix = {arXiv},
    eprint = {0302545v2},
    primaryClass = {cond-mat}
}

@article{Kontkanen2000SupervisedData,
    title = {{Supervised model-based visualization of high-dimensional data}},
    year = {2000},
    journal = {Intelligent Data Analysis},
    author = {Kontkanen, Petri and Lahtinen, Jussi and Myllym, Petri and Silander, Tomi and Tirri, Henry},
    pages = {213--227},
    volume = {4},
    keywords = {bayesian networks, data visualization, multidimensional scaling, s mapping, sammon}
}

@article{Viana2010Surrogate-basedImprovement,
    title = {{Surrogate-based Optimization with Parallel Simulations using the Probability of Improvement}},
    year = {2010},
    journal = {Aerospace},
    author = {Viana, Felipe A C and Haftka, Raphael T},
    number = {September},
    pages = {1--14}
}

@article{Viana2010Surrogate-basedImprovementb,
    title = {{Surrogate-based Optimization with Parallel Simulations using the Probability of Improvement}},
    year = {2010},
    journal = {Aerospace},
    author = {Viana, Felipe A C and Haftka, Raphael T},
    number = {September},
    pages = {1--14}
}

@article{Bal2010SurrogatingAlgorithm,
    title = {{Surrogating the surrogate : accelerating Gaussian-process-based global optimization with a mixture cross-entropy algorithm}},
    year = {2010},
    author = {Bal, Bardenet;Balazs Kegl},
    keywords = {entropy, infillCriteria, printed, readitlater}
}

@article{Marler2004SurveyEngineering,
    title = {{Survey of multi-objective optimization methods for engineering}},
    year = {2004},
    journal = {Structural and Multidisciplinary Optimization},
    author = {Marler, R.T. and Arora, J.S.},
    number = {6},
    month = {4},
    pages = {369--395},
    volume = {26},
    url = {http://www.springerlink.com/openurl.asp?genre=article&id=doi:10.1007/s00158-003-0368-6},
    doi = {10.1007/s00158-003-0368-6},
    issn = {1615-147X},
    keywords = {multi-criteria, multi-objective, optimization}
}

@article{Melorose2015TakingOptimization,
    title = {{Taking the Human Out of the Loop: A Review of Bayesian Optimization}},
    year = {2015},
    author = {Melorose, J. and Perroy, R. and Careas, S.},
    number = {1},
    volume = {1},
    isbn = {9788578110796},
    doi = {10.1017/CBO9781107415324.004},
    issn = {1098-6596},
    pmid = {25246403},
    arxivId = {arXiv:1011.1669v3},
    keywords = {icle}
}

@techreport{Osborne2010TechnicalQuadrature,
    title = {{Technical Report PARG-10-01: Sampling for Bayesian Quadrature}},
    year = {2010},
    booktitle = {Quadrature},
    author = {Osborne, MA and Garnett, R and Roberts, SJ},
    pages = {1--11},
    url = {http://www.robots.ox.ac.uk/~parg/pubs/SBQ_techreport.pdf}
}

@article{Molga2005TestNeeds,
    title = {{Test functions for optimization needs}},
    year = {2005},
    author = {Molga, Marcin and Smutnicki, Czesław},
    number = {c},
    pages = {1--43}
}

@incollection{Basieva2017TestingExperiments,
    title = {{Testing Boundaries of Applicability of Quantum Probabilistic Formalism to Modeling of Cognition: Metaphors of Two and Three Slit Experiments}},
    year = {2017},
    author = {Basieva, Irina and Khrennikov, Andrei},
    editor = {de Barros, Jose Acacio and Coecke, Bob and Pothos, Emmanuel},
    pages = {49--56},
    series = {Lecture Notes in Computer Science},
    volume = {10106},
    publisher = {Springer International Publishing},
    url = {https://link.springer.com/chapter/10.1007/978-3-319-52289-0_4 http://link.springer.com/10.1007/978-3-319-52289-0_4},
    address = {Cham},
    isbn = {978-3-319-52288-3},
    doi = {10.1007/978-3-319-52289-0{\_}4},
    issn = {0302-9743},
    pmid = {4520227},
    arxivId = {1408.5697},
    keywords = {experiments, probabilistic structure of cognition, two and three slit}
}

@article{Robinson1991ThatEffects,
    title = {{That BLUP is a good thing: The estimation of random effects}},
    year = {1991},
    journal = {Statistics},
    author = {Robinson, GK},
    number = {1},
    pages = {15--32},
    volume = {6}
}

@misc{Hansen2008TheTutorial,
    title = {{The CMA Evolution Strategy : A Tutorial}},
    year = {2008},
    booktitle = {Evolution},
    author = {Hansen, Nikolaus},
    pages = {1--31}
}

@article{Emmerich2008TheApproximations,
    title = {{The computation of the expected improvement in dominated hypervolume of Pareto front approximations}},
    year = {2008},
    author = {Emmerich, Michael and Klinkenberg, Jan-willem},
    number = {1},
    pages = {1--8},
    volume = {1}
}

@article{Hertog2006TheBootstrapping,
    title = {{The correct kriging variance estimated by bootstrapping}},
    year = {2006},
    journal = {Journal of the Operational Research Society},
    author = {Hertog, D Den and Kleijnen, J P C and Siem, A Y D},
    number = {4},
    pages = {400--409},
    volume = {57}
}

@article{Hertog2004THEBootstrapping,
    title = {{THE CORRECT KRIGING VARIANCE ESTIMATED BY The correct Kriging variance estimated by bootstrapping}},
    year = {2004},
    journal = {Information Systems},
    author = {Hertog, By D Den and Kleijnen, J P C and Siem, A Y D},
    keywords = {black-box optimization, bootstrapping, computer, dace, design and analysis of, experiments, global optimization, kriging, kriging variance, monte carlo}
}

@article{ScottTheRegression,
    title = {{The correlated knowledge gradient for simulation optimization of continuous parameters using gaussian process regression}},
    author = {Scott, Warren and Frazier, Peter and Powell, Warren},
    number = {1},
    keywords = {1, 62l05 62l10 62l20, ams subject classifications, bayesian global optimization, con-, expected improvement, find the global maximum, gaussian process regression, introduction, knowledge gradient, model calibration, of a real valued, our goal is to}
}

@article{Jacobs2016TheFoundations,
    title = {{The expectation monad in quantum foundations}},
    year = {2016},
    journal = {Information and Computation},
    author = {Jacobs, Bart and Mandemaker, Jorik and Furber, Robert},
    pages = {87--114},
    volume = {250},
    publisher = {Elsevier Inc.},
    url = {http://dx.doi.org/10.1016/j.ic.2016.02.009},
    doi = {10.1016/j.ic.2016.02.009},
    issn = {10902651},
    arxivId = {1112.3805}
}

@article{Rasmussen2004TheModel,
    title = {{The Infinite Gaussian Mixture Model}},
    year = {2004},
    journal = {Processing},
    author = {Rasmussen, Carl Edward},
    number = {11},
    pages = {554--560}
}

@article{Hoffman2014TheCarlo,
    title = {{The No-U-Turn Sampler: Adaptively Setting Path Lengths in Hamiltonian Monte Carlo}},
    year = {2014},
    journal = {Journal of Machine Learning Research},
    author = {Hoffman, Md and Gelman, Andrew},
    pages = {30},
    volume = {15},
    isbn = {1532-4435},
    issn = {15337928},
    arxivId = {1111.4246},
    keywords = {adaptive monte carlo, bayesian inference, dual averaging, hamiltonian monte carlo, markov chain monte carlo, monte carlo}
}

@article{Carpenter2015TheC++,
    title = {{The Stan Math Library: Reverse-Mode Automatic Differentiation in C++}},
    year = {2015},
    author = {Carpenter, Bob and Hoffman, Matthew D. and Brubaker, Marcus and Lee, Daniel and Li, Peter and Betancourt, Michael},
    pages = {96},
    url = {http://arxiv.org/abs/1509.07164},
    arxivId = {1509.07164}
}

@article{Tsuda2016Thyroid2014.,
    title = {{Thyroid Cancer Detection by Ultrasound Among Residents Ages 18 Years and Younger in Fukushima, Japan: 2011 to 2014.}},
    year = {2016},
    journal = {Epidemiology},
    author = {Tsuda, Toshihide and Tokinobu, Akiko and Yamamoto, Eiji and Suzuki, Etsuji},
    number = {Nr. 3},
    pages = {1},
    volume = {27},
    isbn = {0000000000000},
    doi = {10.1097/EDE.0000000000000385},
    issn = {1531-5487},
    pmid = {26441345}
}

@article{OsborneTowardsProcesses,
    title = {{Towards Real-Time Information Processing of Sensor Network Data using Computationally Efficient Multi-output Gaussian Processes}},
    journal = {Science},
    author = {Osborne, M A and Roberts, S J}
}

@article{Krebbers2013TYPECOQ,
    title = {{TYPE CLASSES FOR EFFICIENT EXACT REAL ARITHMETIC IN COQ}},
    year = {2013},
    journal = {Logical Methods in Computer Science},
    author = {Krebbers, Robbert and Spitters, Bas},
    number = {1},
    pages = {1--1},
    volume = {9},
    url = {www.lmcs-online.org},
    doi = {10.2168/LMCS-9(1:01)2013}
}

@article{Spitters2011TypeTheory,
    title = {{Type Classes for Mathematics in Type Theory}},
    year = {2011},
    author = {Spitters, Bas and Van Der Weegen, Eelis},
    url = {https://arxiv.org/pdf/1102.1323.pdf}
}

@article{Jacob2014UltrasonographyPrefecture,
    title = {{Ultrasonography survey and thyroid cancer in the Fukushima Prefecture}},
    year = {2014},
    journal = {Radiation and Environmental Biophysics},
    author = {Jacob, Peter and Kaiser, Jan Christian and Ulanovsky, Alexander},
    number = {2},
    pages = {391--401},
    volume = {53},
    isbn = {0041101305083},
    doi = {10.1007/s00411-013-0508-3},
    issn = {0301634X},
    pmid = {24398917},
    keywords = {Fukushima, Radiation, Thyroid cancer, Ultrasonography}
}

@article{Gelman2014UnderstandingModels,
    title = {{Understanding predictive information criteria for Bayesian models}},
    year = {2014},
    journal = {Statistics and Computing},
    author = {Gelman, Andrew and Hwang, Jessica and Vehtari, Aki},
    number = {6},
    pages = {997--1016},
    volume = {24},
    isbn = {0960-3174},
    doi = {10.1007/s11222-013-9416-2},
    issn = {15731375},
    arxivId = {arXiv:1307.5928v1},
    keywords = {AIC, Bayes, Cross-validation, DIC, Prediction, WAIC}
}

@article{Apley2006UnderstandingComputer,
    title = {{Understanding the Effects of Model Uncertainty in Robust Design With Computer}},
    year = {2006},
    journal = {Journal of Mechanical Design},
    author = {Apley, Daniel W and Chen, Wei},
    number = {July},
    volume = {128},
    doi = {10.1115/1.2204974},
    keywords = {bayesian prediction interval, computer experiments, interpolation uncertainty, metamodel, model uncertainty, robust design}
}

@article{Apley2006UnderstandingExperiments,
    title = {{Understanding the Effects of Model Uncertainty in Robust Design With Computer Experiments}},
    year = {2006},
    journal = {Journal of Mechanical Design},
    author = {Apley, Daniel W. and Liu, Jun and Chen, Wei},
    number = {4},
    pages = {945},
    volume = {128},
    url = {http://link.aip.org/link/JMDEDB/v128/i4/p945/s1&Agg=doi},
    doi = {10.1115/1.2204974},
    issn = {10500472},
    keywords = {bayesian prediction interval, computer experiments, interpolation uncertainty, metamodel, model uncertainty, robust design}
}

@article{Apley2006UnderstandingExperimentsb,
    title = {{Understanding the Effects of Model Uncertainty in Robust Design With Computer Experiments}},
    year = {2006},
    journal = {Journal of Mechanical Design},
    author = {Apley, Daniel W. and Liu, Jun and Chen, Wei},
    number = {4},
    pages = {945},
    volume = {128},
    url = {http://link.aip.org/link/JMDEDB/v128/i4/p945/s1&Agg=doi},
    doi = {10.1115/1.2204974},
    issn = {10500472},
    keywords = {bayesian prediction interval, computer experiments, interpolation uncertainty, metamodel, model uncertainty, robust design}
}

@misc{SChib1995UnderstandingAlgorithm,
    title = {{Understanding the Metropolis-Hastings Algorithm}},
    year = {1995},
    author = {S Chib, E Greenberg}
}

@article{Gano2006UpdateOptimization,
    title = {{Update strategies for kriging models used in variable fidelity optimization}},
    year = {2006},
    journal = {Structural and Multidisciplinary Optimization},
    author = {Gano, Shawn E. and Renaud, John E. and Martin, Jay D. and Simpson, Timothy W.},
    number = {4},
    month = {7},
    pages = {287--298},
    volume = {32},
    url = {http://www.springerlink.com/index/10.1007/s00158-006-0025-y},
    doi = {10.1007/s00158-006-0025-y},
    issn = {1615-147X}
}

@article{Williams2000UpperProcesses,
    title = {{Upper and lower bounds on the learning curve for Gaussian processes}},
    year = {2000},
    journal = {Machine Learning},
    author = {Williams, C.K.I. and Vivarelli, F.},
    number = {1},
    pages = {77–102},
    volume = {40},
    publisher = {Springer},
    url = {http://www.springerlink.com/index/x3474546jm5554rp.pdf},
    keywords = {bayesian inference, bounds, gaussian processes, generalisation error}
}

@article{Chung2002UsingProblems,
    title = {{Using gradients to construct cokriging approximation models for high-dimensional design optimization problems}},
    year = {2002},
    journal = {40th AIAA Aerospace Sciences Meeting and},
    author = {Chung, HS and Alonso, JJ},
    url = {http://citeseerx.ist.psu.edu/viewdoc/download?doi=10.1.1.12.4149&amp;rep=rep1&amp;type=pdf}
}

@article{Sollich2005UsingRegression,
    title = {{Using the equivalent kernel to understand gaussian process regression}},
    year = {2005},
    journal = {Advances in Neural Information Processing Systems},
    author = {Sollich, Peter and Williams, C.K.I.},
    volume = {17},
    publisher = {Citeseer},
    url = {http://citeseerx.ist.psu.edu/viewdoc/download?doi=10.1.1.71.2845&amp;rep=rep1&amp;type=pdf}
}

@article{Rijke2017UvA-DAREProblem,
    title = {{UvA-DARE ( Digital Academic Repository ) Relative Upper Confidence Bound for the K-Armed Dueling Bandit Problem Relative Upper Confidence Bound for the K -Armed Dueling Bandit Problem}},
    year = {2017},
    author = {Rijke, De and Zoghi, Masrour and Whiteson, Shimon}
}

@article{AlvarezVariational,
    title = {{Variational Inducing Kernels for Sparse Convolved Multiple Output Gaussian Processes ´}},
    journal = {Science},
    author = {Alvarez, Mauricio A and Luengo, David and Lawrence, Neil D},
    pages = {1--22},
    arxivId = {arXiv:0912.3268v1}
}

@article{Bishop2000VariationalMachines,
    title = {{Variational Relevance Vector Machines}},
    year = {2000},
    journal = {Artificial Intelligence},
    author = {Bishop, Christopher M and Tipping, Michael E},
    number = {1},
    pages = {46--53}
}

@article{Rand2015VPHL:Programs,
    title = {{VPHL: A Verified Partial-Correctness Logic for Probabilistic Programs}},
    year = {2015},
    journal = {Electronic Notes in Theoretical Computer Science},
    author = {Rand, Robert and Zdancewic, Steve},
    month = {12},
    pages = {351--367},
    volume = {319},
    url = {http://linkinghub.elsevier.com/retrieve/pii/S1571066115000882},
    doi = {10.1016/j.entcs.2015.12.021}
}

@techreport{Rand2015VPHL:Version,
    title = {{VPHL: A Verified Partial-Correctness Logic for Probabilistic Programs (Expanded Version)}},
    year = {2015},
    author = {Rand, Robert and Zdancewic, Steve},
    url = {https://pdfs.semanticscholar.org/2272/c13cf6105f7535f49e0eb65ded39da76822d.pdf},
    institution = {Technical Report MS-CIS-15-06, University of Pennsylvania}
}

@inproceedings{Snelson2004WarpedProcesses,
    title = {{Warped gaussian processes}},
    year = {2004},
    booktitle = {Advances in neural information processing systems 16: proceedings of the 2003 conference},
    author = {Snelson, Edward and Rasmussen, C.E. and Ghahramani, Z.},
    pages = {337},
    publisher = {The MIT Press},
    url = {http://books.google.com/books?hl=en&amp;lr=&amp;id=0F-9C7K8fQ8C&amp;oi=fnd&amp;pg=PA337&amp;dq=Warped+Gaussian+Processes&amp;ots=TFLwp0S860&amp;sig=uo5TKoPCIzlyqCcYY_ar4k1y94s}
}

@inproceedings{Shpitser2007WhatTested,
    title = {{What Counterfactuals Can Be Tested}},
    year = {2007},
    author = {Shpitser, Ilya and Pearl, Judea},
    pages = {352--359}
}

@article{Goldberg1991WhatAbout,
    title = {{What Every Computer Scientist Floating-Point Arithmetic Should Know About}},
    year = {1991},
    journal = {Computing},
    author = {Goldberg, David},
    number = {1},
    volume = {23},
    isbn = {0000000000000},
    keywords = {denormalized, exception, floating-point, number}
}

@inproceedings{Sakazaki2012,
    title = {{多設計パラメータに対応する最適化技術の研究}},
    year = {2012},
    booktitle = {理論応用力学講演会 講演論文集},
    author = {Sakazaki, Nobuto and Ezawa, Yoshitaka}
}

@article{2014,
    title = {{福島県１８歳以下の甲状腺がん に関する分析と今後の課題}},
    year = {2014}
}